3294 5190
223 312 263 376 18
797 310 889 380 Caput
906 311 940 366 H.

223 497 319 558 quam
342 474 403 538 hoc
426 473 507 557 loco,
531 476 687 557 quantum
710 473 848 538 valuerit
870 478 1056 558 utrumque,
1085 495 1145 538 nos
1168 473 1267 560 fugit3
1296 497 1358 558 qua
1386 475 1419 538 in
1444 497 1477 538 re
1502 475 1531 538 si

223 572 342 636 similia
366 575 555 655 statuamus,
578 593 644 634 non
666 592 778 635 vereor
800 593 840 635 ne
862 571 1022 656 fallamur,
1046 573 1235 655 praesertim
1259 595 1332 637 cum
1355 573 1452 636 etiam
1476 573 1532 635 hic

222 671 313 752 prius
348 667 546 752 Amphiarao
574 668 688 752 disque
715 667 816 753 Oropi
844 669 939 733 cultis
947 669 972 757 ¹)
1001 671 1234 735 instauraretur
1264 671 1468 755 sacrificium,
1497 672 1533 733 in

223 767 324 831 altero
348 789 424 830 vero
447 767 560 830 itidem
583 770 777 831 mactaretur
800 764 924 853 aries2).

224 865 273 929 De
303 864 487 930 Calchantis
521 864 649 930 oraculo
684 864 801 929 Strabo
834 864 934 930 tradit
967 864 1029 953 (VI
1048 867 1116 950 3,θ
1140 889 1170 950 p.
1190 864 1270 953 284)
1303 867 1434 930 arietem
1471 868 1533 930 im-

225 963 340 1027 molari
363 967 478 1028 atrum.

224 1061 336 1125 Fauno
369 1065 498 1124 centum
529 1061 670 1125 bidentis
702 1060 855 1125 mactavit
889 1061 1024 1126 Latinus
1053 1060 1164 1147 (Verg.
1188 1061 1267 1126 Aen.
1293 1061 1355 1127 VH
1383 1063 1433 1126 87.
1463 1061 1533 1150 93),

228 1160 307 1223 duas
331 1180 406 1223 oves
428 1157 537 1223 Numa
560 1156 632 1245 (Ov.
651 1157 737 1227 Fast.
756 1156 803 1222 IV
822 1157 963 1247 cursu).
983 1157 996 1246 )

224 1257 356 1341 Elysius
390 1257 519 1339 quidam
558 1256 746 1341 Terinaeus,
785 1259 821 1319 ut
849 1256 1044 1342 incubando,
1076 1257 1133 1340 qui
1168 1257 1271 1320 filium
1309 1258 1533 1345 interfecisset,

223 1357 439 1440 cognosceret,
462 1353 749 1438 psychomanteum
773 1354 853 1417 adiit
876 1355 985 1439 ibique
1008 1354 1261 1440 προεθύσατο4).

224 1452 346 1516 Eadem
387 1472 449 1515 vox
493 1448 735 1538 (προθύεσθαι)
777 1452 811 1515 in
848 1453 975 1516 iamatis
1013 1453 1135 1516 occurit
1170 1452 1369 1537 Epidauriis,
1402 1454 1457 1516 ubi
1492 1455 1533 1516 de

223 1571 322 1633 puero
346 1550 466 1634 agitur,
495 1550 550 1632 qui
578 1553 686 1613 mutus
716 1549 749 1611 in
777 1548 982 1634 Asclepieum
1009 1549 1155 1633 pervenit
1185 1550 1307 1633 deoque
1339 1550 1532 1613 sacrificium

224 1645 457 1733 instauravit).

210 1743 262 1808 >ln
296 1742 524 1827 Aristophanis
556 1744 653 1809 Pluto
686 1749 760 1809 ante
797 1745 990 1810 κατάκλισιν
1027 1743 1258 1807 instituendam
1299 1745 1332 1807 in
1374 1767 1429 1807 ara
1465 1743 1531 1827 pla-

228 1847 337 1906 centae
361 1841 584 1930 cremantur⁶).

299 1974 340 2026 De
359 1971 503 2026 sacrificiis
517 1974 661 2028 nocturnis
675 1974 706 2028 in
720 1974 797 2028 cultu
811 1973 944 2028 chthonio
959 1973 1073 2027 usitatis
1086 1992 1111 2027 v.
1122 1972 1237 2042 Stengel
1250 1973 1419 2027 Kultnsalt.²
1432 1992 1458 2041 p.
1471 1979 1531 2026 111.

302 2059 359 2107 127.
386 2059 444 2107 133.
474 2071 497 2109 v.
522 2053 608 2107 etiam
634 2054 780 2108 oraculum
805 2053 948 2107 saeculare
973 2060 1034 2108 ν.6
1066 2054 1142 2122 apud
1163 2053 1318 2106 Dielesium
1350 2052 1476 2121 Sibyllin.
1498 2053 1533 2105 Bl

295 2152 322 2203 p.
345 2138 403 2187 134.
423 2132 468 2202 (cf.
488 2150 512 2188 v.
537 2136 589 2204 13.)
614 2134 713 2188 Rohde
738 2133 864 2202 Psyche²
888 2133 901 2185 I
921 2138 984 2201 149,
1000 2138 1025 2186 2.
1044 2165 1077 2172 -
1096 2133 1139 2186 De
1164 2132 1331 2201 epibothriis
1356 2132 1385 2184 in
1410 2134 1533 2186 Hecates

296 2213 374 2267 cultu
394 2212 509 2283 Stengel
531 2213 549 2267 l.
570 2231 592 2267 o.
612 2231 638 2282 p.
656 2219 714 2267 111.
758 2213 799 2266 De
822 2211 905 2265 fossis
933 2213 971 2266 ad
998 2211 1211 2266 sacrificandum
1238 2211 1322 2265 factis
1351 2213 1464 2282 Stengel
1493 2213 1532 2266 ib.

297 2311 323 2362 p.
340 2298 373 2346 17
384 2311 424 2362 sq.
444 2299 486 2346 26.
508 2298 567 2347 131.

224 2400 262 2465 In
285 2403 386 2466 altero
410 2402 567 2467 sacrificio
590 2405 664 2466 ante
683 2401 904 2485 Trophonium
923 2401 1153 2467 consulendum
1171 2402 1322 2467 instituto
1341 2404 1440 2466 frater
1463 2403 1534 2466 eius

224 2499 479 2565 invocabatur
502 2538 544 2546 -
568 2498 820 2587 Agamedes⁷).

315 2697 341 2764 1)
359 2693 463 2748 θύουσι
482 2691 513 2746 δὲ
532 2692 581 2747 καί
599 2692 674 2764 αύτῷ
692 2693 740 2762 (sc.
759 2691 941 2763 Amphiarao)
960 2695 1009 2748 καί
1027 2701 1114 2748 πᾶσιν
1137 2691 1213 2755 ὅσοις
1236 2692 1310 2748 ἐστίν
1329 2694 1375 2746 ἐπὶ
1392 2697 1430 2766 τῷ
1450 2695 1535 2765 βωμῷ

223 2773 277 2842 (sic
300 2773 376 2828 enim
398 2776 473 2827 recte
497 2771 657 2826 emendavit
674 2771 764 2825 Bothe
782 2770 986 2827 Genethliacon
1005 2772 1191 2842 Gottingense
1209 2791 1237 2842 p.
1253 2779 1313 2842 176,
1332 2774 1408 2840 quod
1425 2773 1536 2843 recepit

224 2853 331 2924 Hitzig)
350 2853 384 2907 τὰ
403 2851 527 2921 ὀνόματα
544 2852 626 2906 Paus.
641 2852 654 2904 I
669 2858 711 2919 31,
726 2857 750 2906 ὅ.

315 2935 342 3003 2)
360 2933 399 2986 ib.
414 2931 554 3001 pergitur:
573 2928 847 3002 προεξειργασμένων
861 2930 893 2985 δὲ
909 2933 1024 3001 τούτων,
1038 2934 1118 3001 κριὸν
1131 2934 1271 2996 θύσαντες
1281 2978 1286 2987 .
1298 2978 1304 2988 .
1316 2978 1321 2987 .
1332 2934 1534 2988 καθεύδουσιν.

314 3019 341 3082 3)
361 3012 490 3066 Ceterum
508 3011 647 3065 incertum
666 3015 723 3079 est,
747 3014 840 3064 utrum
859 3011 896 3065 sit
914 3012 991 3065 idem
1008 3013 1150 3067 oraculum
1170 3013 1273 3082 Fauni,
1297 3014 1373 3081 quod
1396 3031 1413 3066 a
1432 3014 1536 3067 Latino

226 3094 357 3164 quodque
381 3091 510 3145 aNuma
528 3091 635 3159 aditur3
661 3091 739 3162 regio
762 3092 821 3146 fere
844 3092 950 3146 eadem.
988 3092 1050 3146 Illic
1073 3110 1160 3162 prope
1183 3093 1286 3161 Tibur,
1309 3093 1355 3147 hio
1374 3094 1536 3147 accuratius

224 3191 281 3229 non
310 3171 483 3243 significatu,
510 3174 585 3226 certe
608 3188 694 3241 prope
717 3172 848 3240 Romam;
871 3171 931 3226 illic
953 3172 1046 3242 lucus,
1070 3172 1117 3228 hic
1140 3173 1218 3228 silva.
1256 3174 1362 3227 Tamen
1385 3174 1438 3228 hoo
1460 3174 1536 3227 nihil

227 3254 348 3308 adrem

314 3336 342 3403 4)
361 3332 434 3387 Plut.
455 3332 558 3387 consol.
579 3333 616 3386 ad
634 3331 725 3401 Apoll.
743 3338 776 3385 14
790 3350 816 3401 p.
833 3338 884 3386 109
895 3331 927 3386 O:
947 3333 1056 3403 (dicunt
1070 3338 1144 3405 eum)
1164 3332 1319 3403 ἀφικέσθαι
1339 3332 1384 3387 ἐπί
1402 3353 1429 3387 τι
1443 3344 1535 3402 ψυχο-

228 3423 369 3483 μαντεῖον,
388 3411 659 3482 προθυσάμενον
678 3411 704 3466 θ’
723 3413 764 3474 ὡς
782 3410 885 3480 νόμος
902 3412 1089 3484 ἐγκοιμᾶσθαι
1107 3418 1163 3470 κτλ.

315 3499 342 3564 ὁ)
361 3511 402 3548 nr.
418 3499 451 3547 59
466 3494 491 3548 V
505 3500 552 3549 42:
572 3494 610 3556 ὡς
627 3491 659 3547 δὲ
677 3493 896 3561 προεθύσατο
915 3494 964 3548 καί
982 3493 1095 3566 [ἐπόησε
1113 3494 1160 3566 τὰ]
1180 3493 1386 3563 νομιζόμενα
1405 3496 1461 3547 κτλ.

317 3578 343 3644 6)
362 3592 403 3628 vv.
424 3578 475 3628 660
486 3591 559 3642 sqq.:
583 3572 643 3628 ἐπεί
662 3572 693 3627 δὲ
711 3575 793 3645 βωμῷ
812 3571 928 3628 πύπανα
947 3575 996 3629 καί
1013 3574 1185 3644 προθύματα
1201 3576 1205 3643 Ι
1220 3573 1395 3643 καθωσιώθη
1414 3570 1537 3638 πέλανος

222 3651 379 3723 Ἡφαίστου
403 3652 495 3722 φλογί,
511 3656 515 3723 Ι
531 3651 731 3722 κατεκλίναμεν
753 3653 803 3707 τὸν
829 3656 963 3710 Πλούτου.
1006 3653 1126 3708 Videtur
1152 3654 1244 3707 inesse
1271 3652 1396 3707 versibus
1424 3653 1537 3723 aliquid

226 3733 364 3803 corrupti:
378 3751 428 3802 pro
447 3734 618 3802 προθύματα
633 3733 765 3788 scribitur
777 3732 936 3805 θυλήματα,
950 3735 1026 3802 quod
1041 3751 1074 3788 ex
1089 3733 1203 3788 scholiis
1217 3736 1261 3787 est
1273 3734 1418 3802 haustum;
1437 3738 1535 3790 tamen

227 3815 304 3883 quod
324 3813 435 3868 codices
453 3813 603 3882 praebent:
625 3815 805 3883 προθύματα,
821 3831 883 3868 cum
901 3814 1006 3884 optime
1021 3817 1085 3880 stet,
1099 3813 1284 3868 retinendum.
1304 3813 1338 3868 cf.
1353 3816 1537 3883 προθύεσθαι

230 3895 262 3949 in
277 3895 361 3949 adnn.
376 3902 401 3949 4.
417 3899 442 3947 5.
461 3913 484 3947 v.
504 3893 591 3948 etiam
604 3895 717 3949 Lobeck
731 3895 794 3966 Agl.
808 3913 835 3964 p.
852 3900 929 3950 1083.
958 3894 1011 3948 Pro
1025 3892 1145 3956 πέλανος
1157 3893 1296 3964 Bergkius
1311 3891 1428 3963 μέλανος
1441 3896 1536 3949 conie-

227 3974 274 4042 cit,
299 3974 330 4028 id
348 3974 424 4042 quod
443 3973 548 4027 arridet
566 3975 688 4044 quidem,
707 3978 804 4030 tamen
822 3974 947 4030 dubium.

316 4059 342 4123 7)
361 4054 443 4107 Paus.
459 4053 497 4106 IX
515 4060 558 4123 39,
574 4061 596 4109 6.
627 4055 711 4110 Cuius
725 4055 879 4126 Agamedis
898 4055 939 4108 vis
955 4057 998 4109 est
1012 4055 1131 4109 obscura
1145 4071 1197 4109 nec
1211 4053 1281 4109 satis
1296 4056 1417 4126 perspici
1430 4059 1535 4127 potest,

227 4134 296 4203 quid
314 4133 388 4188 inter
407 4134 556 4188 daemones
574 4134 709 4205 valuerit3
728 4135 861 4190 heroibus
879 4134 1005 4204 medicis,
1024 4135 1102 4189 velut
1120 4134 1247 4202 Μήδειος
1265 4135 1379 4203 Μήδεια
1394 4134 1535 4207 Ἀγαμήδη

227 4232 291 4269 eum
311 4214 496 4268 adserendum
515 4231 574 4269 esse
592 4219 678 4285 putat
695 4217 834 4271 Usenerus
853 4215 1026 4269 thternam.
1045 4234 1072 4284 p.
1089 4221 1147 4270 163.
1181 4215 1367 4285 Coniungitur
1385 4234 1448 4270 cnm
1466 4216 1536 4270 Tro-

226 4294 331 4365 phonio
354 4295 441 4349 fratre
465 4294 578 4365 templis
600 4296 645 4351 vel
673 4295 737 4350 aliis
765 4294 900 4350 aedificiis
924 4295 1107 4350 exstruendis.
1145 4295 1190 4349 Sic
1216 4297 1251 4349 de
1276 4296 1402 4366 Neptuni
1427 4295 1536 4365 templo

226 4392 313 4444 prope
328 4375 503 4428 Mantineam
521 4375 576 4430 sito
595 4376 630 4430 cf.
650 4376 731 4430 Paus.
751 4376 816 4430 VIII
831 4381 872 4444 10,
888 4381 912 4428 2.
942 4375 1034 4444 (Solus
1048 4376 1224 4446 Trophonius
1238 4375 1378 4445 Apollinis
1397 4377 1537 4445 templum

227 4455 344 4525 Pegasis
364 4455 532 4509 exstruxisse
551 4455 655 4509 dicitur
669 4456 705 4509 ab
719 4454 869 4509 Heraclide
884 4454 1001 4509 Pontico
1015 4455 1046 4509 in
1065 4457 1151 4511 schol.
1166 4456 1279 4510 Hesiod.
1295 4459 1364 4510 scut.
1382 4461 1423 4509 70.
1456 4456 1537 4510 Idem

228 4535 440 4590 subterraneam
463 4535 543 4590 illam
567 4551 726 4604 cavernam,
749 4534 780 4587 in
803 4552 888 4604 quam
911 4536 1026 4590 oracula
1042 4540 1172 4606 petentes
1190 4553 1241 4606 per
1259 4536 1365 4590 scalam
1384 4539 1537 4606 angustam

228 4615 358 4670 solebant
382 4616 552 4671 descendere
576 4615 801 4669 exaedificavisse
826 4615 940 4672 dicitur:
969 4619 1169 4672 κατεσκεύασεν
1193 4616 1269 4685 ἱερὸν
1293 4615 1323 4671 ἐν
1341 4621 1375 4689 τῇ
1394 4614 1537 4692 Λεβαδείᾳ

226 4705 275 4766 τῆς
294 4695 428 4758 Βοιωτίας
446 4695 501 4749 ont
520 4704 587 4765 γῆν,
605 4696 654 4750 καί
677 4699 801 4751 καλεῖται
827 4694 994 4766 Τροφωνίου
1018 4698 1103 4753 schol.
1119 4698 1165 4750 Ar.
1182 4696 1253 4750 Nub.
1270 4701 1321 4749 508
1337 4697 1357 4750 l.
1372 4695 1535 4765 ποιήσας...
