3294 5190
182 311 245 375 100
751 309 842 379 Caput
859 309 906 363 IV.

176 478 306 558 λοιπόν,
330 473 400 538 οὐκ
423 476 519 559 ὄναρ
548 476 596 538 ἔτι
626 473 765 559 14‚174.
810 471 913 536 Extra
940 473 1097 556 templum
1124 472 1216 557 vigili
1247 477 1397 559 aegrotae
1426 497 1485 558 pu-

176 577 264 637 teum
299 572 467 657 adgressae
507 582 738 658 παραφανεῑσα
769 621 777 634 .
815 620 822 635 .
854 570 874 653 ῆ
907 572 1032 656 μάρτυς
1067 623 1073 634 .
1106 623 1113 635 .
1146 620 1153 635 .
1183 578 1241 654 τῆς
1275 568 1336 656 μὲν
1379 571 1487 657 ὁρμῆς

176 673 297 736 ἔπαυσε
322 722 328 734 .
352 718 359 734 .
383 719 390 734 .
413 668 468 734 καὶ
491 679 593 734 ταῦτα
617 666 653 733 δὲ
676 669 778 755 ύπαρ
803 669 873 733 οὐκ
896 670 991 755 ὄναρ
1016 667 1133 755 ἐδρᾶτο
1158 667 1320 752 3,142sq.

265 768 345 833 Cum
368 768 537 832 universus
562 766 724 831 Seleuciae
746 765 886 850 populus
906 765 1072 830 oculorum
1092 766 1294 851 aegritudine
1303 765 1328 854 ¹)
1352 767 1485 852 adflige-

175 872 276 951 retur,
305 867 325 950 ῆ
353 868 479 952 μάρτυς
507 917 514 929 .
538 915 545 929 .
571 917 577 929 .
605 853 744 947 άυοίγει
759 861 821 947 μὲν
849 863 886 928 ἐν
912 873 958 952 τῷ
981 864 1082 947 αὐτῆς
1109 864 1235 949 τεμένει
1259 866 1296 929 τὸ
1326 866 1486 951 ἰατρεῖον,

174 971 407 1053 προσκαλεῖται
435 960 472 1028 δὲ
504 972 599 1048 κοινῆ
633 964 759 1039 πάντας
789 963 833 1038 ὡς
863 962 982 1046 αὐτῆν,
1012 961 1062 1027 ἑνὶ
1094 959 1156 1047 μὲν
1187 974 1255 1027 τῶν
1285 965 1486 1047 πασχόντων

173 1074 272 1128 τοῦτο
296 1063 447 1147 νύκτωρ
472 1058 764 1144 διακελευσαμένη,
791 1072 871 1124 πᾶσι
895 1056 932 1124 δὲ
956 1058 1004 1123 δι’
1030 1059 1160 1125 ἐκείνου
1187 1058 1370 1146 κηρύξασα,
1399 1062 1485 1126 ὥστε

173 1171 219 1249 τῷ
243 1160 344 1244 αὐτῆς
361 1162 549 1246 χρήσασθαι
568 1164 697 1245 λουτρῷ
715 1159 841 1234 πάντας
858 1160 938 1233 τοὺς
955 1167 1001 1244 τῷ
1019 1159 1123 1223 πάθει
1141 1159 1246 1246 τούτῳ
1265 1180 1486 1242 παραπεπτω-

173 1261 272 1335 κότας
294 1256 412 1342 9,156.

262 1356 362 1419 Fures
391 1354 511 1418 indicat
538 1353 657 1418 Thecla
684 1373 829 1417 necnon
853 1351 973 1437 locum,
997 1353 1053 1416 ubi
1079 1353 1245 1418 conditum
1272 1358 1322 1419 est
1343 1354 1485 1421 furtum:

175 1455 375 1538 καταμηνύει
398 1450 453 1517 καὶ
476 1452 537 1517 τὸν
566 1454 670 1516 τόπον
696 1449 751 1515 καὶ
780 1451 817 1515 τὸ
845 1455 968 1537 χωρίον
995 1449 1049 1516 καὶ
1077 1452 1136 1516 τὸν
1166 1464 1262 1538 φῶρα
1286 1451 1405 1537 5,148.
1443 1453 1484 1517 cf.

172 1552 242 1614 mir.
263 1554 292 1616 6.
339 1549 526 1633 Comparari
550 1553 659 1634 potest
681 1548 762 1612 illud
785 1571 823 1612 ex
848 1548 975 1612 iamatis
993 1548 1179 1633 Epidauriis
1202 1550 1402 1633 miraculum,
1426 1551 1484 1614 ubi

172 1647 382 1732 Aesculapius
406 1670 464 1732 per
486 1669 635 1711 somnum
658 1647 728 1711 viro
752 1646 878 1710 cuidam
906 1646 1026 1710 indicat
1054 1646 1175 1732 locum,
1204 1669 1266 1731 quo
1295 1648 1382 1712 filius
1411 1649 1483 1712 eius

173 1748 259 1811 saxis
283 1745 426 1809 reclusus
451 1749 603 1810 versetur.
628 1768 656 1810 v.
675 1769 705 1829 p.
725 1743 777 1829 37,
794 1745 822 1809 1.

261 1851 415 1916 Irascitur
433 1852 561 1937 Thecla,
585 1874 656 1917 cum
676 1852 714 1915 de
733 1851 879 1935 potentia
901 1852 970 1916 eius
994 1851 1173 1917 dubitatur:
1196 1853 1484 1937 appropinquanti-

173 1951 233 2015 bus
256 1951 395 2015 inimieis
419 1950 592 2034 Dexianus,
617 1951 672 2033 qui
695 1948 808 2033 templi
827 1949 1014 2014 custodibus
1034 1954 1189 2034 praeerat,
1211 1950 1380 2015 thesauros
1398 1972 1483 2014 mar-

171 2050 254 2132 tyris
280 2049 313 2111 in
337 2052 445 2113 tutum
469 2048 604 2112 abstulit
626 2049 746 2111 locum:
769 2048 962 2124 νυκτὸς..
983 2048 1247 2132 ἐπιλαβούσης
1269 2049 1423 2133 θορύβου
1446 2072 1482 2113 τε

169 2149 297 2233 πλήρης
320 2142 364 2229 ῆν
391 2145 409 2210 δ
438 2146 521 2222 νεὼς
547 2143 602 2210 καὶ
630 2155 772 2231 ταραχῆς
798 2144 853 2210 καὶ
881 2150 961 2230 βοῆς
988 2155 1046 2229 τῆς
1072 2148 1239 2232 μάρτυρος
1266 2148 1334 2211 dvm
1362 2170 1398 2211 τε
1425 2145 1482 2210 καὶ

169 2246 256 2308 κάτω
287 2244 491 2326 διαθεούσης
517 2242 572 2308 καλ
600 2251 884 2329 καταφρονεῖσθαι
916 2243 1004 2330 παρά
1038 2252 1098 2308 τοῦ
1126 2243 1292 2331 Λεξιανοῦ
1319 2244 1483 2327 λεγούσης

171 2342 216 2417 ὡς
239 2340 412 2417 ἀσθενοῦς
437 2392 443 2404 .
467 2391 474 2404 .
499 2350 632 2406 ,ταῦτα
654 2352 722 2405 τῶν
745 2343 845 2406 ἔνδον
871 2338 959 2416 τινὲς
986 2344 1059 2406 τότε
1086 2343 1370 2406 καθευδουσῶν
1397 2363 1482 2426 παρ-

169 2437 282 2504 θένων
304 2437 359 2504 καλ
387 2447 557 2524 μαθοῦσαι
580 2437 634 2504 καλ
657 2435 732 2525 παρ’
756 2439 857 2522 αὐτῆς
875 2448 932 2522 τῆς
950 2440 1116 2525 μάρτυρος
1135 2438 1316 2504 άκούσασαι
1335 2438 1424 2525 ύπαρ
1436 2491 1443 2505 .
1455 2489 1480 2504 ..

171 2537 380 2602 ἀπελθοῦσαι
407 2538 515 2601 πάντα
537 2546 582 2623 τῷ
607 2537 759 2624 Λεξιανῷ
782 2536 985 2620 ἀπήγγειλαν
1007 2541 1073 2602 κτλ.
1100 2537 1150 2621 ll,
1167 2538 1230 2602 180
1241 2559 1287 2621 sq.

258 2642 399 2728 Impedit
422 2647 547 2726 martyr
569 2645 704 2727 nequis
729 2645 762 2707 in
786 2665 875 2706 sacro
900 2665 957 2706 suo
983 2643 1168 2726 sepeliatur:
1195 2647 1275 2728 μήτε
1304 2646 1367 2730 γάρ
1392 2641 1484 2710 εἶναί

170 2765 201 2805 τι
224 2742 341 2805 κοινὸν
358 2742 477 2823 τάφοις
495 2739 550 2805 καὶ
570 2741 754 2826 εύκτηρίοις
774 2747 887 2823 οἴκοις,
910 2742 997 2823 πλην
1021 2744 1049 2806 εἰ
1067 2745 1112 2826 μή
1136 2766 1187 2818 τις
1205 2744 1268 2826 άρα
1287 2740 1341 2806 καὶ
1360 2745 1480 2829 νεκρὸς

170 2839 315 2921 γεγονὼς
339 2840 383 2922 μη
408 2845 458 2921 εἴη
482 2840 609 2924 νεκρὸς,
632 2838 716 2903 ἀλλὰ
740 2842 775 2924 ζῆ
799 2862 833 2902 τε
856 2846 902 2925 τῷ
924 2843 994 2925 Θεῷ
1014 2837 1069 2903 καὶ
1093 2839 1183 2918 άξιος
1204 2833 1222 2924 ἦ
1244 2850 1304 2905 τοῦ
1322 2838 1378 2904 καὶ
1396 2842 1479 2927 μάρ-

169 2954 266 3000 τυσιν
295 2948 467 3001 συνοικεῖν
496 2935 551 3001 καὶ
580 2937 772 3021 ὁμοστεγεῖν
797 2934 936 3019 15,1λ8.
981 2936 1137 3021 Epidauri
1164 2959 1223 3000 nec
1249 2938 1333 3001 mori
1359 2937 1480 3002 licebat

168 3056 227 3098 nee
249 3057 361 3118 parere
384 3035 470 3098 intra
493 3057 618 3099 sacrum
642 3035 756 3118 ipsum.

259 3141 337 3206 Non
374 3145 501 3205 tantum
537 3142 641 3206 inesse
673 3142 762 3205 vides
795 3141 931 3206 Theclae
965 3141 1140 3226 miraculis,
1173 3146 1328 3225 quantum
1366 3164 1477 3208 eorum

168 3262 248 3323 quos
270 3261 368 3323 supra
385 3241 593 3304 tractavimus
617 3243 809 3323 martyrum3
832 3243 938 3303 tamen
962 3240 1091 3324 sufficit,
1115 3244 1151 3303 ut
1174 3244 1367 3326 agnoscatur
1391 3242 1478 3305 sirni-

167 3337 281 3400 litudo.
331 3335 466 3401 Accedit
490 3337 586 3421 idque
609 3338 738 3422 gravius
767 3337 853 3420 quod
875 3337 994 3402 Thecla
1022 3360 1148 3420 quoque
1175 3337 1286 3403 Graeci
1310 3339 1476 3403 daemonis

168 3437 338 3518 occupavit
362 3435 479 3518 locum,
503 3436 558 3516 qui
583 3435 660 3498 olim
685 3433 847 3499 Seleuciae
869 3435 1118 3520 vaticinabatur,
1140 3436 1289 3501 videlieet
1311 3459 1369 3521 per
1392 3459 1477 3501 som-

166 3555 253 3597 num.
303 3532 343 3597 In
367 3533 480 3596 Basilii
503 3531 588 3595 libro
611 3532 645 3595 id
668 3533 788 3617 ipsum,
817 3533 977 3616 quomodo
1006 3538 1116 3598 sancta
1143 3535 1317 3599 christiana
1343 3535 1475 3599 heroem

168 3630 324 3695 Graecum
345 3629 586 3714 ‘Sarpedonem'
606 3630 774 3716 depulerit,
797 3631 1002 3715 describitur,
1024 3654 1090 3695 non
1112 3632 1250 3696 multum
1273 3633 1351 3696 haec
1374 3632 1414 3697 ab
1435 3634 1477 3696 iis

167 3729 320 3792 differunt
354 3749 434 3810 quae
463 3729 497 3791 in
525 3727 700 3811 Sophronii
727 3728 928 3811 aliorumque
956 3731 1083 3814 scriptis
1113 3730 1151 3793 de
1180 3729 1254 3813 Cyri
1281 3728 1477 3813 loannisque

166 3828 302 3891 victoria
321 3826 505 3890 referuntrrr
549 3823 657 3907 Atque
676 3826 809 3890 interest
828 3826 1014 3911 discernere,
1034 3831 1066 3891 et
1085 3828 1245 3910 quomodo
1264 3829 1338 3893 viva
1355 3828 1477 3893 Thecla

167 3928 278 3988 contra
306 3925 491 3988 daemonem
520 3922 611 3985 illum
641 3945 673 3986 se
701 3925 887 4009 muniverit,
915 3930 947 3989 et
976 3925 1137 4007 quomodo
1168 3926 1327 3990 daemon
1354 3926 1477 3990 Thecla

166 4024 382 4087 adversarium
414 4042 576 4106 paganum
608 4023 811 4105 oppresserit.
857 4021 1005 4087 Alterum
1038 4022 1160 4107 legitur
1186 4047 1217 4106 p.
1239 4024 1301 4088 122
1330 4024 1365 4086 in
1391 4025 1477 4089 vita

256 4290 281 4356 1)
298 4286 510 4354 „Auy'ourd’hac'
523 4303 617 4342 crecere
630 4305 666 4342 οκ
679 4294 819 4343 reuocate
836 4289 1029 4355 fre'qacmmeat
1046 4306 1080 4342 εκ
1099 4289 1183 4344 Grtcc
1200 4307 1255 4344 και
1272 4291 1360 4360 captae
1377 4289 1476 4360 άόμλν

165 4368 276 4421 ιλολνιιι
304 4367 454 4436 ονιηικαλνι
481 4367 513 4421 de
540 4368 669 4439 l’Epypte
695 4374 722 4423 ct
748 4369 857 4437 oppclc‘e
889 4369 913 4420 λι
943 4369 1095 4424 τναάιδκιάί
1127 4370 1228 4424 Girard
1260 4370 1475 4439 L'Asclepieion

167 4446 320 4499 d’Athenes
339 4465 366 4515 p.
382 4452 465 4515 116,ῦ
485 4448 649 4517 (secundum
662 4452 759 4502 notam
773 4446 827 4501 viri
841 4446 918 4499 doeti
932 4448 1112 4503 Atheniensis
1127 4449 1357 4521 Anagnostalris).
1386 4450 1474 4505 Gata-

164 4525 245 4594 logus
280 4524 420 4596 Asclepiei
448 4528 640 4598 Atheniensis,
673 4529 723 4582 ubi
756 4530 955 4580 enumerantur
986 4530 1112 4583 membra
1144 4530 1173 4582 in
1204 4530 1298 4600 effigie
1328 4529 1473 4602 dedicata,

166 4604 332 4675 ‘caculas’
353 4624 450 4661 vocem
475 4609 579 4664 llo-ies
602 4608 739 4678 praebet
756 4607 791 4660 cf.
812 4606 913 4660 Girard
935 4627 961 4678 p.
979 4615 1037 4663 116.
1071 4609 1204 4664 Necnon
1224 4609 1474 4682 iniamatisEpi-

137 4687 141 4694 '
164 4685 270 4740 dauriis
289 4704 435 4743 caecorum
453 4707 583 4744 numerus
604 4691 646 4743 est
664 4688 811 4742 maximus.
