3294 5190
170 301 213 364 48
459 299 549 369 Caput
567 300 600 354 II.
628 300 670 354 De
688 300 841 354 incubandi
860 299 962 353 ritibus
982 300 1180 369 symbolisque.

170 463 281 547 adhuc,
306 463 437 547 sanguis
461 462 527 525 albi
551 462 706 547 animalis,
730 464 793 526 iam
817 464 920 547 adest,
943 468 1050 526 tamen
1073 485 1138 527 non
1162 463 1254 550 galli,
1278 463 1333 527 sed
1356 462 1480 528 colum·

168 561 235 646 bae,
260 561 335 645 quia
358 583 424 623 non
448 561 486 623 de
510 551 701 642 Aesculapio
721 560 837 644 agitur,
861 560 916 623 sed
935 561 973 623 de
992 560 1126 642 Venere,
1149 561 1200 623 cui
1219 561 1367 625 columba
1387 583 1481 625 sacra

168 659 250 722 sicut
273 656 465 741 Aesculapio
490 657 602 741 gallus.
647 657 807 720 Videntur
831 657 931 742 igitur
953 657 1032 722 haec
1055 657 1188 741 collyria
1211 659 1245 722 in
1263 659 1398 744 magicis
1417 681 1480 722 nec

168 779 234 819 non
249 757 282 819 in
297 755 385 819 cultu
396 755 549 818 chthonio
564 759 682 818 certam
698 755 857 839 quandam
871 755 1054 819 exhibuisse
1069 756 1134 818 vim
1150 760 1181 819 et
1196 756 1478 841 significationem.

255 852 348 917 Nihil
380 874 456 938 ergo
484 851 677 936 relinquitur
706 853 803 916 dubii.
855 851 940 917 Solis
972 853 1043 917 luce
1071 852 1188 917 clarius
1216 858 1265 918 est
1292 854 1401 917 omnia
1431 855 1478 917 in-

168 952 380 1034 scriptionum
403 953 612 1014 tractatamm
636 951 775 1014 remedia
799 950 1021 1035 symbolicam,
1050 955 1086 1014 ut
1110 952 1155 1015 ita
1179 952 1333 1036 dicamus,
1356 951 1479 1015 habere

170 1049 234 1112 vim
259 1048 405 1112 incultu
429 1048 664 1112 chthoniorum.
711 1046 781 1123 Qua
803 1070 842 1111 ex
865 1070 898 1111 re
922 1048 1066 1131 sequitur
1095 1048 1129 1111 in
1151 1048 1309 1130 medicIna
1336 1049 1479 1132 mystica

63 1168 66 1175 “
168 1146 325 1210 eiusmodi
348 1168 399 1211 res
423 1146 569 1209 medendi
599 1167 694 1209 causa
720 1146 854 1209 usitatas
883 1145 995 1227 fuisse,
1024 1167 1105 1228 quae
1133 1167 1205 1208 cum
1234 1147 1282 1209 dis
1310 1146 1478 1210 chthoniis

169 1245 278 1328 aliquo
302 1244 397 1307 modo
421 1241 668 1329 cohaererent¹).
714 1243 783 1308 Nec
806 1244 936 1327 mimm,
960 1264 1032 1306 cum
1056 1244 1118 1324 ipsi
1148 1244 1180 1305 di
1208 1243 1354 1307 ehthonii
1382 1268 1478 1329 prae-

171 1343 230 1406 diti
254 1343 375 1405 fuerint
403 1341 434 1404 vi
458 1341 614 1405 medendi.
659 1338 728 1404 Iam
752 1341 853 1424 vides,
882 1364 977 1425 quam
1007 1345 1074 1404 arte
1103 1341 1136 1404 in
1164 1341 1252 1404 cultu
1282 1341 1338 1406 illo
1367 1343 1480 1406 omnia

167 1441 232 1504 sint
255 1440 433 1504 coniuncta.
478 1438 554 1503 Non
577 1438 667 1502 decet
689 1461 757 1524 nos,
780 1440 863 1503 sicut
892 1439 988 1502 huius
1016 1439 1131 1520 capitis
1160 1440 1252 1503 initio
1280 1441 1478 1523 monuimus,

167 1539 201 1600 in
223 1538 355 1602 ultimas
383 1537 523 1600 latebras
551 1537 731 1601 reconditas
763 1536 939 1620 irrumpere
967 1535 1061 1619 velle,
1094 1535 1188 1600 liceat
1216 1541 1323 1601 tamen
1349 1538 1478 1621 aliquid

170 1659 313 1701 sensisse.

259 1835 284 1900 1)
303 1828 439 1882 Similiter
457 1828 577 1882 fortasse
595 1826 778 1882 iudicandum
797 1830 841 1881 cst
863 1827 898 1880 de
922 1825 957 1880 iis
981 1825 1063 1895 loeis,
1083 1827 1132 1881 ubi
1151 1828 1342 1898 Aesculapius·
1359 1828 1478 1882 suillam

171 1913 286 1980 aegroto
306 1908 542 1963 commendavisse
563 1907 674 1962 dicitur.
697 1926 720 1962 v.
738 1907 813 1960 Suid.
829 1925 850 1960 s.
870 1925 894 1961 v.
915 1913 1062 1976 Δομνῖνος.
1089 1908 1123 1962 cf.
1146 1908 1426 1976 Aristiusspaes,
1444 1914 1477 1961 18

168 1990 239 2044 Keil.
264 1990 424 2043 Alexander
451 1988 687 2042 Abonotichensis
716 1988 791 2058 (Luc.
815 1986 892 2040 Alex.
913 1990 957 2055 25)
980 1988 1081 2055 pedem
1111 1987 1224 2040 suillum
1249 1989 1388 2041 edendum
1413 2005 1477 2042 esse

167 2070 280 2125 oraculo
291 2068 465 2139 praescribit.
477 2088 502 2122 v.
513 2069 602 2124 Wess.
616 2068 650 2120 N.
661 2067 707 2121 Gr.
720 2068 769 2121 ZP.
786 2073 828 2135 25,
845 2072 895 2120 180
904 2084 944 2135 sq.
956 2094 989 2111 =
999 2067 1031 2120 K.
1048 2074 1090 2136 90,
1103 2074 1153 2120 180
1160 2086 1199 2135 sq.
1216 2069 1260 2137 (cf.
1271 2086 1297 2136 p.
1305 2070 1364 2136 40):
1384 2069 1476 2122 πολλὰ

165 2149 286 2204 πίνοντα
306 2151 353 2204 καὶ
373 2152 436 2218 (om.
451 2149 507 2218 W.)
527 2148 563 2217 μὴ
588 2148 717 2216 μεθύειν·
736 2144 873 2217 γοίρεον
896 2147 1065 2217 πνεύ[μ]ονα
1085 2147 1208 2215 ὀπτήσας
1231 2147 1324 2217 φύγε,
1362 2147 1404 2200 De
1425 2165 1476 2202 sua

165 2230 334 2299 Aesculapio
359 2229 517 2283 sacrificata
541 2229 575 2282 cf.
590 2247 616 2296 p.
633 2233 674 2281 40,
713 2213 754 2280 De
778 2243 875 2281 ansere
901 2243 1012 2294 quoque
1035 2226 1064 2278 in
1088 2226 1219 2280 remediis
1243 2226 1371 2280 adhibito
1394 2227 1477 2281 haud

165 2328 244 2364 secus
258 2309 454 2363 indicaverim:
470 2327 493 2362 v.
505 2307 620 2361 Aristid.
631 2326 657 2376 p.
668 2312 764 2374 390‚4:
781 2305 862 2375 στέαρ
876 2305 997 2376 χήνειον.
1008 2305 1045 2360 ib.
1056 2325 1082 2375 p.
1095 2312 1208 2372 423,24;
1219 2304 1275 2378 ᾠὸν
1289 2304 1410 2375 χήνειον.
1432 2307 1476 2361 De

165 2407 264 2444 ansere
279 2390 313 2444 cf.
333 2409 360 2459 p.
376 2395 419 2441 42.
448 2389 500 2441 Sus
516 2390 545 2442 et
559 2404 640 2441 anser
653 2387 684 2440 in
698 2387 822 2441 remedio
837 2386 980 2440 coniuncti
995 2386 1071 2455 apud
1085 2385 1200 2440 Aristid.
1215 2405 1242 2455 p.
1257 2392 1376 2455 404,14:
1396 2399 1474 2457 πρῶ-

164 2490 213 2524 τον
221 2469 271 2538 μὲν
285 2465 369 2538 ἧπαρ,
384 2465 471 2537 οἶμαι,
486 2468 570 2539 χηνὸς
581 2513 586 2523 .
596 2513 601 2524 ,
612 2468 720 2523 ,ἔπειτα
739 2464 817 2521 bstou
830 2487 857 2520 τι
871 2464 1067 2537 ὑπογαστρίου.
1086 2498 1119 2505 -
1133 2466 1284 2520 Mirabitur
1302 2467 1374 2535 quis,
1389 2472 1473 2537 puto,

165 2550 189 2602 si
208 2550 282 2618 apud
293 2549 366 2603 Cael.
376 2548 519 2602 Aurelian.
530 2548 653 2603 Morbor.
669 2547 789 2602 chronic.
804 2548 830 2600 II
843 2554 861 2600 4
874 2565 901 2615 p.
914 2552 964 2598 130
978 2545 1076 2599 Haller
1091 2546 1168 2614 leget
1182 2546 1313 2599 dentibus
1328 2546 1475 2602 laboranti

165 2629 221 2682 oris
241 2628 421 2682 collutionem
441 2628 631 2682 adhibendam
657 2645 718 2682 esse
740 2661 775 2667 —
797 2627 890 2680 lacte
913 2643 977 2679 cum
1001 2624 1110 2678 melle.
1138 2658 1173 2665 —
1197 2626 1290 2679 Pauca
1314 2627 1476 2681 addiderim

167 2710 201 2762 de
220 2708 344 2761 remedio
364 2710 439 2761 certe
458 2708 578 2777 magico,
597 2709 672 2776 quod
691 2710 806 2763 vocatur
824 2716 904 2774 κοῖφι
927 2706 970 2759 val
993 2705 1096 2759 rectius
1120 2714 1196 2774 κῦφι.
1234 2706 1304 2760 Erat
1329 2707 1404 2760 anim
1430 2725 1473 2762 se-

165 2789 286 2841 cundum
301 2788 372 2841 Plut.
389 2788 424 2840 de
438 2788 471 2842 Is.
493 2791 521 2841 et
541 2789 585 2843 Os.
601 2794 635 2842 80
649 2808 675 2857 p.
688 2793 739 2840 383
759 2788 781 2841 a
797 2785 983 2857 compositum
1002 2803 1017 2839 e
1036 2785 1159 2839 sedecim
1172 2787 1263 2840 rebus.
1294 2787 1473 2842 Damocratis

164 2871 345 2937 praeceptum
364 2876 434 2936 κῦφι
452 2869 579 2937 parando
600 2868 734 2922 trimetris
753 2867 883 2921 iambicis
908 2866 1093 2936 compositum
1111 2884 1136 2919 v.
1157 2883 1201 2935 ap.
1222 2866 1317 2921 Galen.
1343 2867 1377 2920 de
1397 2869 1474 2922 anti-

165 2947 239 3000 dotis
258 2948 283 2999 Π
302 2950 322 3001 t.
338 2947 402 3001 XIV
420 2966 446 3017 p.
465 2953 582 3016 lltsqq.
603 2949 712 3003 Kuehn.
741 2949 783 3001 De
801 2956 871 3016 κῦφι
889 2946 919 3000 in
938 2964 968 3000 re
981 2946 1092 3000 medica
1106 2946 1235 3002 adhibito
1254 2966 1277 3002 v.
1293 2948 1474 3002 Puschmann

163 3027 323 3080 Alexander
336 3046 359 3081 v.
374 3026 482 3081 Tralles
501 3030 520 3081 t.
536 3029 562 3081 Π
579 3047 605 3097 p.
622 3035 685 3095 5733
706 3048 732 3098 p.
748 3034 843 3096 572,1.
864 3027 901 3081 ib.
920 3046 947 3098 p.
962 3032 1028 3094 4753
1047 3046 1073 3096 p.
1089 3032 1150 3094 474,
1161 3032 1185 3080 2.
1205 3037 1283 3096 κοῖφι
1303 3026 1371 3095 μετὰ
1390 3028 1474 3084 οἴνου

163 3107 367 3176 praescribitur
385 3107 504 3161 Aristidi
523 3112 594 3179 (382,
606 3111 659 3179 30),
678 3109 728 3163 ubi
746 3109 858 3163 videtur
880 3117 950 3177 κῦφι
968 3108 1119 3178 legendum
1143 3124 1211 3176 esse,
1224 3107 1389 3176 praesertim
1408 3126 1475 3162 oum

164 3190 254 3242 exstet
272 3187 350 3242 varia
369 3187 453 3242 lectio
472 3197 566 3257 κρυφῇ
585 3191 844 3259 (<κυφη<κνφι).
882 3188 924 3242 De
942 3188 1056 3258 magica
1074 3187 1157 3241 huius
1176 3196 1245 3256 κῦφι
1265 3187 1474 3257 significatione

164 3286 189 3321 v.
209 3267 322 3337 Hippoi.
342 3269 435 3322 Refut.
455 3268 561 3323 haeres.
580 3269 619 3323 IV
634 3275 668 3323 28
683 3289 708 3338 p.
725 3274 767 3338 88,
777 3275 858 3337 43sq.
878 3269 1022 3336 Duncher,
1046 3268 1096 3321 ubi
1120 3269 1154 3321 de
1177 3284 1261 3337 mago
1285 3268 1409 3335 quodam
1430 3270 1473 3322 di-

164 3348 250 3403 citur:
270 3344 329 3401 εἶτα
349 3347 446 3418 μάγων
461 3347 619 3419 Αἰγυπτίων
638 3349 730 3411 θύσας
748 3349 778 3402 τὸ
797 3350 970 3417 καλούμενον
989 3357 1058 3417 κῦφι
1077 3345 1208 3416 θυμίαμα
1226 3349 1280 3399 κτλ.
1310 3347 1380 3401 Erat
1394 3349 1473 3403 enim

163 3428 368 3497 Aegyptiorum
391 3428 551 3496 inventum,
575 3448 599 3484 v.
620 3428 718 3483 Galen.
743 3429 778 3481 de
801 3428 1002 3499 compositione
1025 3427 1292 3481 medicamentorum
1316 3429 1473 3483 secundum

164 3506 239 3561 locos
248 3507 311 3560 VIII
320 3514 334 3560 7
343 3507 436 3561 tlIIII
445 3526 471 3576 p.
483 3513 567 3575 lsai
583 3508 692 3578 Kuehn,
706 3509 756 3562 ubi
771 3509 935 3578 explicatur,
950 3524 1006 3576 qua
1021 3508 1055 3560 de
1070 3523 1155 3560 causa
1170 3505 1314 3560 antidotus
1328 3509 1473 3573 quaedam

163 3587 322 3642 nominetur
340 3587 492 3656 κυφοειῦής
510 3588 554 3658 (cf.
570 3586 608 3642 ib.
627 3607 654 3658 p.
670 3595 730 3658 202,
742 3592 797 3659 Ῑῦ);
817 3590 865 3643 καὶ
884 3588 937 3659 γὰρ
956 3588 1026 3658 ὀσμῇ
1040 3588 1087 3640 καὶ
1103 3587 1193 3656 γεύσει
1207 3587 1400 3655 παραπλήσιός
1414 3589 1473 3643 ἐστι

163 3673 201 3739 τῷ
220 3668 304 3736 κύφει
322 3666 483 3740 καλουμένῳ
501 3668 572 3737 πρὸς
590 3666 756 3738 Αἰγυπτίων,
776 3667 855 3736 οἵπερ
873 3669 909 3737 δὴ
928 3668 976 3721 καὶ
994 3676 1105 3734 πρῶτον
1124 3665 1279 3722 σννέθεσούν
1297 3686 1327 3720 τε
1345 3668 1377 3720 τὸ
1397 3667 1471 3737 φούρ-

164 3768 253 3815 μακον
275 3757 357 3802 τοῦτο
380 3749 428 3802 καὶ
455 3758 575 3819 χρῶνται
598 3753 756 3817 θυμιῶντες
783 3748 912 3814 ἑκάστοτε
939 3756 997 3810 τοῖς
1020 3751 1107 3809 θεοῖς.
1134 3747 1168 3802 cf.
1189 3747 1265 3802 Suid.
1290 3766 1310 3802 s.
1334 3766 1359 3803 v.
1385 3757 1470 3816 κῦφιι

162 3836 243 3882 τοῦτο
264 3827 408 3890 Mniesutae
426 3829 441 3883 ὁ
460 3830 610 3900 Αἰγύπτιος
628 3828 837 3895 raucosraucos,
851 3846 875 3881 r.
891 3827 1011 3880 eundem
1025 3844 1045 3880 s.
1065 3847 1090 3881 v.
1106 3825 1263 3889 Μύνεθωςι
1284 3824 1401 3896 Μένδης
1420 3837 1472 3898 τῆς

164 3908 319 3978 Αἰγύπτου,
339 3909 489 3979 ἀρχιερεύς.
513 3908 617 3980 ἔγραψε
640 3910 703 3976 περὶ
726 3914 898 3976 κατασκευῆς
924 3904 1050 3975 Κνφύων.
1087 3906 1241 3975 Praecipue
1266 3910 1360 3960 autem
1383 3907 1471 3962 velim

164 3992 192 4041 et
210 3989 263 4041 hac
281 3988 311 4042 in
325 4006 355 4043 re
368 3992 398 4043 te
412 3988 551 4058 inspicere
564 4005 734 4058 papyrorum
747 3988 910 4042 thesaurum
923 3989 1062 4042 nostrum:
1077 3987 1167 4041 Wess.
1185 3987 1230 4041 Gr.
1242 3988 1292 4041 ZP.
1303 3992 1346 4054 95,
1357 3989 1470 4060 2971s2:

163 4077 233 4137 κῦφι
258 4068 408 4139 θυμιάσας.
433 4069 471 4122 ib.
497 4073 556 4137 108,
572 4074 670 4137 213sq.
686 4095 720 4114 =
739 4067 771 4122 K.
793 4073 835 4136 71,
849 4073 961 4136 209sq.:
984 4068 1033 4122 καὶ
1056 4067 1195 4131 ἐπιθύσας
1218 4068 1353 4136 ζμύρναν,
1377 4076 1469 4136 κοῖφι.

167 4149 253 4203 Wess.
274 4150 308 4205 N.
328 4149 374 4203 Gr.
395 4149 444 4201 ZP.
460 4153 503 4215 38,
514 4153 564 4201 647
572 4166 611 4217 sq.
632 4175 665 4193 =
685 4149 717 4202 K.
735 4154 795 4217 101,
806 4152 917 4214 cassu:
936 4146 1064 4204 έπιθύιον
1084 4191 1089 4202 .
1111 4193 1116 4205 .
1137 4193 1143 4204 .
1163 4159 1244 4218 κοῖφι
1262 4146 1403 4215 ἱερατικύν
1422 4149 1469 4218 (cf.

163 4228 259 4282 Galen.
285 4229 319 4281 de
344 4245 464 4296 compos.
490 4227 636 4282 medicam.
662 4245 715 4283 sec.
739 4229 816 4282 locos
835 4227 933 4281 Vina
959 4231 979 4284 t.
994 4229 1097 4299 XIHp.
1111 4236 1196 4298 184,2
1215 4220 1315 4300 Κ.),ᾧ
1341 4226 1471 4299 μεμίχθιο

163 4316 243 4376 κριοῦ
254 4307 418 4376 ὁλομέλανος
428 4305 587 4376 ἐγκέφαλος.
617 4307 704 4372 Quem
714 4309 806 4362 Iocum
816 4311 928 4361 secutus
939 4309 1062 4379 corrigas
1076 4310 1165 4365 Wess.
1177 4310 1222 4364 Gr.
1231 4311 1281 4362 ZP.
1291 4315 1333 4376 53,
1343 4315 1471 4379 1313sq.,

165 4388 213 4441 ubi
239 4388 355 4457 legitur:
380 4407 450 4454 κυφι
473 4406 611 4455 ιερατικος
636 4392 789 4459 εγκεφαλος
811 4408 892 4456 κριου
915 4392 1032 4457 μελανος
1055 4394 1126 4458 otor,
1151 4390 1194 4445 in:
1220 4398 1289 4458 κῦφι
1318 4389 1471 4460 ἱερατικόν,

166 4467 318 4538 ἐγκέφαλος
336 4470 390 4521 κτλ.
411 4467 457 4536 (de
481 4467 568 4521 ariete
588 4472 648 4523 atro
668 4471 701 4525 cf.
722 4488 748 4539 p.
764 4473 863 4538 40sq.).
901 4468 987 4523 Vides
1006 4470 1052 4524 hio
1074 4487 1186 4539 quoque
1211 4470 1315 4524 formas
1340 4479 1421 4537 κοῖφι
1441 4475 1472 4526 et

163 4555 233 4615 κῦφι
242 4546 316 4600 inter
326 4563 355 4600 se
366 4546 505 4600 alternare
515 4551 605 4618 (κοῖφι
616 4549 702 4602 etiam
717 4550 792 4619 apud
806 4550 906 4602 Athen.
922 4550 947 4601 Π
961 4551 1019 4604 661.
1039 4551 1159 4619 Etymol.
1180 4550 1275 4620 Magn.
1291 4571 1316 4620 p.
1329 4558 1389 4621 024,
1402 4557 1470 4624 18.):

167 4642 233 4680 sane
253 4646 280 4679 οι
299 4628 328 4679 et
345 4648 363 4681 υ
381 4627 434 4681 hoe
452 4630 579 4697 tempore
597 4629 680 4683 idem.
719 4630 748 4683 Si
767 4629 885 4685 alteram
904 4630 1023 4684 formam
1041 4631 1146 4700 ubique
1165 4631 1368 4686 restituendam
1386 4637 1472 4701 puta-

162 4721 242 4798 veps,
263 4714 332 4775 κῦφι
351 4708 568 4779 praeposuerim.

707 4841 920 4852 ———
