3294 5190
555 352 596 405 Dc
614 351 796 406 incubatione
815 350 976 406 christiana.
1433 353 1476 416 63

169 537 277 580 curam
299 517 410 581 uirtute
432 515 532 579 mucis
554 515 724 598 iapmdit.“
755 514 826 578 Hoc
846 514 974 598 quidem
994 519 1243 578 consentaneum
1263 538 1331 580 esse
1350 516 1477 579 videtur

170 615 287 679 veteris
320 612 536 677 incubationis
564 613 728 696 perlucere
760 612 909 695 vestigia,
941 611 997 675 ubi
1025 613 1128 675 iacere
1161 613 1290 676 iubetur
1317 616 1476 698 aegrotus,

171 734 319 777 necnon
343 712 445 776 iacere
469 710 550 775 illud
574 714 658 774 certe
682 709 821 793 aliquam
843 709 974 772 exhibet
992 709 1270 796 significationem,
1293 713 1401 774 tamen
1425 734 1476 775 cu-

171 811 254 874 ratio
279 810 350 894 ipsa
372 832 435 873 non
460 830 574 872 somno
598 808 752 892 efficitur,
780 807 835 870 sed
859 806 962 871 crucis
987 806 1080 891 signo
1104 831 1123 870 a
1146 830 1169 872 s.
1194 805 1352 872 Germano
1376 808 1476 873 illato.

169 906 326 971 Similiter
349 907 553 971 iudicandum
583 909 633 970 est
660 905 832 988 decussa,
881 905 914 968 ui
944 904 983 967 ad
1008 927 1031 968 s.
1051 904 1183 968 Martini
1212 905 1365 971 lectulum
1390 929 1476 990 pro-

169 1010 316 1069 stratus
348 1008 441 1069 nocte
475 1004 616 1068 lacrimis
654 1007 686 1068 et
719 1003 919 1067 orationibus
955 1007 1085 1085 peracta
1120 1004 1242 1086 „lumea
1273 1006 1376 1070 cidere
1402 1027 1477 1087 pra

169 1105 308 1180 meruit‘‚
335 1100 466 1188 Gregor.
495 1102 569 1166 Tur.
598 1102 636 1165 de
665 1101 737 1165 virt.
761 1124 785 1164 s.
805 1100 937 1164 Martini
955 1100 988 1164 ll
1008 1102 1049 1165 19
1068 1101 1112 1166 M.
1133 1101 1167 1166 (l.
1186 1125 1216 1186 p.
1232 1103 1305 1168 616.
1351 1103 1477 1188 Vigilat

168 1201 254 1264 enim
287 1223 344 1284 per
376 1204 477 1264 totam
510 1203 637 1263 noctem
671 1202 821 1283 aegrotus
851 1220 954 1282 neque
981 1221 1057 1264 vero
1091 1199 1129 1262 de
1160 1222 1272 1263 somno
1301 1200 1476 1284 quidquam

169 1299 297 1363 dicitur.
344 1298 405 1362 Vel
429 1298 471 1362 ib.
490 1296 538 1361 lll
557 1299 576 1361 8
596 1320 627 1381 p.
646 1296 712 1360 634
740 1297 898 1380 conferas,
925 1296 981 1360 ubi
1010 1297 1116 1360 infans
1145 1301 1308 1361 mortuum
1332 1321 1351 1362 a
1373 1303 1475 1362 matre

168 1401 242 1460 ante
265 1398 365 1460 altare
390 1396 571 1479 depositum
595 1417 688 1459 mane
712 1394 874 1459 invenitur
896 1394 1015 1459 vivum.

257 1492 401 1558 Alteram
416 1493 644 1557 miraculorum
659 1493 773 1557 seriem
787 1493 939 1558 brevibus
954 1493 1112 1578 attingere
1123 1496 1258 1576 oportet.
1283 1492 1475 1578 Saepissime

167 1593 306 1678 legimus
330 1595 478 1677 aegrotos
502 1591 673 1655 sanitatem
696 1591 933 1674 recuperavisse
956 1592 990 1655 in
1013 1591 1143 1676 vigiliis.
1186 1591 1360 1676 Praecipue
1384 1594 1475 1657 festis

168 1694 352 1754 sanctorum
376 1690 518 1773 undique
541 1690 745 1753 confluebant
768 1689 944 1773 christiani,
966 1693 1003 1752 ut
1028 1690 1148 1753 orando
1172 1690 1399 1774 vigilandoque
1422 1714 1475 1774 pa-

169 1793 299 1853 tronum
323 1810 417 1851 suum
441 1787 647 1870 celebrarent,
671 1791 766 1871 atque
790 1787 851 1852 hoc
879 1791 1023 1871 tempore
1052 1788 1212 1871 permulta
1239 1788 1359 1852 fiebant
1382 1789 1476 1864 mira-

169 1887 241 1951 cula
264 1886 520 1969 curabanturque
544 1885 673 1948 infirmi.
720 1884 790 1961 Qua
813 1886 846 1948 in
869 1908 903 1949 re
926 1886 1012 1949 haud
1035 1907 1107 1950 raro
1131 1886 1259 1971 accidit,
1282 1890 1319 1950 ut
1342 1908 1475 1971 corpore

170 1984 292 2069 vigiliis
315 1984 440 2048 defesso
464 2005 558 2047 mane
581 1981 786 2047 obdormiant
810 1983 942 2068 aegroti,
966 2004 1030 2067 quo
1053 1983 1139 2047 facto
1163 1984 1336 2070 contingit,
1360 1989 1397 2048 ut
1419 2007 1476 2069 per

168 2104 316 2146 somnum
342 2082 381 2145 iis
404 2085 578 2165 appareant
602 2085 768 2165 martyres.
815 2079 895 2145 (lum
918 2103 994 2145 vero
1018 2080 1175 2145 eiusmodi
1200 2082 1326 2146 somnia
1348 2105 1413 2146 non
1437 2083 1475 2146 de

168 2180 327 2243 industria
350 2183 549 2264 expetantur,
573 2180 672 2243 immo
693 2180 771 2263 ipsis
795 2179 916 2264 vigiliis
939 2179 1094 2264 neglectis
1113 2179 1252 2263 veniant,
1275 2202 1383 2263 perse
1403 2202 1476 2244 con-

168 2282 232 2342 stat
260 2278 313 2341 hic
342 2278 380 2341 de
408 2277 613 2341 incubatione
641 2277 703 2341 dici
735 2299 799 2342 non
826 2298 928 2362 posse.
979 2276 1052 2341 Huc
1079 2277 1180 2362 igitur
1208 2278 1373 2342 referenda
1400 2282 1475 2342 sunt

167 2375 253 2456 talia,
277 2375 385 2457 qualia
408 2374 489 2460 legis
513 2375 598 2459 apud
622 2372 752 2460 Gregor.
772 2374 845 2439 Tur.
861 2376 899 2439 (le
918 2375 992 2439 virt.
1011 2397 1034 2441 s.
1048 2374 1165 2439 Iuliani
1190 2377 1209 2439 9
1233 2398 1263 2458 p.
1279 2375 1354 2459 568,
1369 2378 1409 2440 21
1436 2377 1474 2440 de

167 2473 319 2537 Fedamia
342 2474 479 2556 quadam
503 2473 646 2558 muliere,
670 2494 766 2555 „puae
789 2476 864 2537 dum
887 2474 922 2536 iu
941 2475 1065 2555 porticu
1087 2474 1152 2551 illa,
1176 2494 1255 2554 puae
1277 2480 1402 2539 sauctae
1424 2475 1474 2538 ba·

167 2572 273 2636 silicae
301 2569 447 2658 (Iuliani)
477 2573 687 2654 coaiuapimr‚
715 2572 876 2636 decubaret
900 2576 1016 2635 aarum
1043 2572 1245 2654 dominicam,
1274 2574 1349 2637 dum
1375 2594 1474 2639 sacro·

167 2671 283 2736 sumetis
305 2672 423 2752 aicilir's
451 2672 560 2752 populi
581 2672 658 2754 fides
688 2672 796 2734 deceta
825 2669 1016 2748 coucelebrat,
1047 2675 1077 2733 et
1102 2670 1160 2733 illa
1187 2672 1343 2751 quiesceas
1370 2672 1475 2735 lectulo

164 2768 362 2848 paululum
385 2769 590 2847 obdormisset,
614 2790 635 2832 a
658 2770 725 2832 aira
747 2770 882 2850 quodam
899 2789 959 2850 per
980 2770 1082 2833 uisum
1104 2774 1242 2850 correpta
1259 2774 1356 2850 ‘atque
1378 2771 1475 2834 iucre-

164 2867 235 2946 pita
259 2871 303 2932 est
325 2868 442 2931 dicente
464 2868 537 2946 sibi,
561 2888 624 2931 eur
650 2865 778 2948 reliquis
805 2866 948 2931 excubias
979 2871 1148 2931 uoetruuas
1175 2867 1243 2931 Deo
1267 2868 1476 2933 exhibentibus

166 2963 212 3026 ill
219 2985 240 3026 a
263 2966 409 3029 deesset.
433 2967 592 3046 respoudit
613 2986 645 3031 se
667 2965 706 3029 ab
734 2966 819 3028 omrai
847 2964 1052 3029 membrorum
1076 2969 1167 3046 parte
1196 2965 1323 3029 debilem
1350 2987 1405 3030 uec
1423 2987 1474 3047 pe-

168 3062 253 3125 uitus
273 3082 413 3142 pressum
436 3083 525 3143 apere
541 3083 641 3143 posse.
666 3068 737 3126 tuuc
759 3063 850 3143 quusi
877 3067 1047 3127 sustentata
1075 3083 1096 3125 a
1123 3064 1190 3126 aire
1217 3064 1272 3143 qui
1299 3064 1475 3143 liquebatur

168 3159 197 3220 ei
227 3162 256 3220 et
282 3159 326 3221 ad
352 3158 545 3238 sepulchrum
571 3179 666 3240 usque
693 3161 836 3234 deducta,
864 3161 939 3223 dum
966 3160 1002 3223 iu
1028 3180 1135 3240 sopore
1159 3161 1269 3241 suadit
1297 3162 1475 3246 oralieaem,

168 3257 270 3319 cisum
293 3261 337 3320 est
359 3257 395 3332 ei,
419 3257 511 3336 quasi
532 3256 698 3321 multitudo
720 3262 901 3321 cateuarum
927 3258 966 3320 ab
989 3258 1056 3322 eius
1077 3257 1222 3322 membris
1244 3257 1307 3322 solo
1330 3260 1474 3322 decidere.

167 3375 188 3417 a
216 3375 275 3435 quo
302 3355 397 3418 eliam
423 3355 527 3419 souitu
554 3356 765 3437 eaperpefacta
792 3356 888 3420 scrisit
918 3355 1058 3419 ommium
1089 3360 1216 3420 emaum
1243 3357 1389 3438 recepisse
1409 3356 1474 3439 pl-

167 3454 332 3517 uissimaru
346 3454 539 3517 sumitatem.“
572 3450 717 3537 Apparet
730 3452 897 3516 mulierem
917 3474 983 3517 non
996 3453 1177 3517 somniandi
1192 3476 1287 3518 causa
1301 3454 1473 3520 advenisse.

80 3605 88 3614 .
170 3548 322 3614 Conferre
335 3550 440 3636 liceat,
455 3573 535 3634 quae
555 3551 685 3615 exhibet
700 3550 784 3614 idem
800 3548 892 3636 Greg.
908 3550 982 3615 Tur.
998 3551 1032 3615 in
1051 3551 1131 3636 glor.
1146 3556 1237 3615 mart.
1257 3552 1278 3616 5
1297 3576 1327 3637 p.
1342 3553 1473 3637 490sq.:

168 3646 384 3734 Ohrodigildis
409 3647 520 3734 'puella
549 3670 641 3713 caeca
668 3649 703 3713 in
730 3649 924 3713 monasteria
955 3672 978 3713 s.
1011 3647 1121 3713 Crucis
1150 3649 1361 3714 Pictaviensis
1385 3657 1474 3730 „uum

166 3752 305 3811 sauciam
325 3749 534 3829 prosteruitur
556 3769 679 3825 arcam;
699 3748 801 3830 ibique
824 3769 892 3813 eum
916 3747 1044 3830 reliquis
1066 3749 1380 3816 sauclaemouialibus
1396 3752 1474 3833 aipi-

167 3844 228 3909 lias
261 3847 419 3926 explicares
454 3849 526 3911 clato
558 3868 650 3911 mane
681 3847 823 3912 hisdem
852 3846 1128 3912 discedentibus
1157 3852 1318 3928 prostrata
1346 3850 1409 3913 solo
1438 3851 1474 3914 iu

166 3945 270 4007 eodem
293 3943 356 4008 loeo
380 3946 503 4029 quievit,
525 3946 732 4028 apparuitque
753 3947 782 4009 ei
800 3967 858 4026 per
875 3946 985 4022 cisum,
1008 3947 1100 4026 quasi
1118 3947 1252 4027 aperiret
1268 3947 1384 4028 aliquis
1407 3969 1473 4012 ocu-

168 4039 213 4104 los
235 4041 310 4125 eius,
333 4047 361 4106 et
383 4063 481 4107 uuum
504 4045 636 4107 sanitati
657 4044 822 4126 redditum,
846 4045 921 4107 dum
944 4064 1013 4107 cum
1038 4045 1102 4107 alio
1125 4045 1285 4124 laboraret,
1308 4046 1407 4110 subite
1430 4048 1474 4110 ad

166 4139 239 4202 ostii
260 4141 389 4202 reserati
419 4161 529 4205 samum
556 4143 768 4224 eaperpefacta
798 4142 894 4205 auius
920 4141 1001 4205 oculi
1028 4141 1131 4206 lumea
1157 4143 1275 4225 recepit.
1303 4145 1384 4224 quod
1410 4163 1473 4207 aaa

166 4236 336 4318 ambipitur
357 4238 431 4301 baec
448 4259 508 4320 per
535 4240 634 4305 eruas
660 4240 804 4304 uirtutem
829 4239 929 4320 fuisse
950 4241 1166 4321 praestitum.“
1210 4239 1323 4323 ltaque
1352 4240 1472 4323 vigiliis

166 4333 304 4417 expletis
328 4335 425 4398 ceteri
449 4335 623 4420 discedunt,
646 4336 754 4422 puella
777 4336 833 4399 illa
853 4336 975 4401 defessa
998 4341 1154 4422 remanet3
1177 4339 1361 4422 pervisum
1385 4358 1473 4401 cura-

165 4436 227 4515 tur,
250 4436 358 4496 tamen
382 4433 422 4496 ab
441 4432 655 4498 incubationis
674 4434 868 4499 testimoniis
887 4435 948 4499 hoc
971 4457 1037 4500 non
1059 4436 1142 4500 nihil
1166 4436 1292 4499 differre
1312 4436 1384 4518 quis
1406 4458 1473 4500 non

166 4530 261 4594 videt.
308 4527 345 4594 Id
374 4531 460 4615 quod
488 4531 584 4594 etiam
613 4532 729 4596 clarius
757 4533 896 4617 perspici
924 4538 1044 4619 potest,
1072 4556 1144 4598 cum
1172 4534 1254 4617 legis
1282 4556 1363 4616 quac
1387 4535 1472 4617 apud

166 4625 258 4713 Greg.
278 4628 352 4693 Tur.
368 4629 406 4692 de
426 4629 498 4693 virt.
514 4651 538 4692 s.
553 4627 684 4693 Martini
704 4629 736 4693 Π
754 4630 797 4694 26
816 4655 846 4714 p.
861 4631 966 4716 619,3
987 4632 1025 4695 de
1039 4632 1132 4696 Piolo
1147 4630 1263 4695 clerico
1278 4628 1471 4697 Condatensi

166 4730 256 4789 muto
279 4731 459 4791 narrantur.
506 4726 568 4803 Qui
591 4729 653 4806 „ad
679 4728 759 4793 beati
789 4728 845 4815 (sc.
869 4728 1017 4816 Martini)
1040 4731 1133 4811 pedes
1162 4728 1323 4812 aipilare
1350 4732 1470 4813 dispo·
