3294 5190
745 335 836 403 Caput
851 336 884 388 Π.

240 497 327 550 denen
345 497 595 567 Zcupuapsln·aft‚“
624 495 849 549 Preller-Robert
868 495 913 550 Gr.
932 495 1050 564 Mythol.
1065 496 1078 548 I
1093 501 1152 549 713.
1172 496 1207 550 cf.
1222 496 1382 549 Friedreich
1398 496 1483 566 Sym-

240 575 318 628 bolih
337 578 388 630 etc.
408 595 434 645 p.
450 582 515 630 504:
536 577 617 642 „Wie
635 577 683 630 der
697 575 768 630 δαῖον
783 575 913 630 Sinnbild
931 577 979 629 der
992 575 1160 646 Εννοαμνντρ
1178 578 1237 630 und
1255 576 1483 646 Fortpslaazanp

240 659 284 722 ist,
302 673 331 710 so
350 657 386 710 ist
404 657 448 710 die
468 657 535 710 Kub
553 656 684 710 Sounoua
702 657 748 710 des
768 655 907 710 Gebctreae
928 657 988 711 aad
1006 658 1052 711 dea
1070 656 1176 711 Laberis
1199 656 1247 711 der
1265 657 1372 711 Μανίαν
1390 657 1482 724 Erde,

240 736 288 791 der
306 736 413 791 Matter
435 738 481 790 des
499 736 686 807 Lebeadiqea,
709 737 760 791 dos
782 735 912 790 simoin
934 738 981 792 der
1000 736 1235 791 Frucbtburkeit.“
1272 737 1313 789 De
1336 736 1481 805 placentis

239 815 318 872 bovis
337 815 426 870 instar
445 815 581 886 formatis,
601 832 671 883 quas
690 832 784 870 secum
802 816 955 884 portabant
972 816 1002 870 in
1017 816 1171 885 Trophonii
1189 819 1301 870 antrum
1315 817 1481 870 descensuri

238 916 262 950 v.
283 895 356 949 infra
375 915 400 965 p.
416 902 465 963 43,
481 902 505 950 4.
543 897 584 950 De
607 899 688 950 tauro
711 896 755 949 vel
778 895 849 949 bove
872 895 903 949 in
924 896 1042 967 magicis
1065 915 1089 951 v.
1109 897 1187 951 Riese
1211 916 1231 950 s.
1251 916 1275 950 v.
1295 896 1480 967 Aberglaube

239 995 266 1045 p.
282 983 323 1030 78.
361 975 469 1030 Taurus
489 980 550 1030 ater
567 975 598 1028 in
616 975 745 1046 magicis:
769 975 896 1043 ταύρου
919 974 1063 1044 μέλανος
1085 974 1166 1044 στέαρ
1185 977 1274 1031 Wess.
1295 975 1340 1031 Gr.
1360 977 1412 1033 ZP.
1432 984 1479 1047 54,

241 1061 317 1110 1333.
355 1056 448 1110 Vacca
472 1059 547 1111 atra:
571 1054 642 1127 γάλα
666 1056 746 1126 βοὸς
768 1053 930 1125 μελαίνης
948 1055 986 1112 ib.
1006 1063 1053 1123 43,
1073 1062 1124 1110 908
1135 1074 1175 1124 sq.
1213 1054 1349 1128 βόλβιθον
1368 1059 1412 1126 (=
1427 1057 1478 1128 βό-

239 1138 325 1205 λιτον)
344 1137 423 1208 βοὸς
441 1134 604 1206 μελαίνης
621 1136 660 1191 ib.
676 1142 719 1203 57,
735 1141 853 1204 1439871.
892 1136 962 1206 γάλα
982 1136 1061 1208 βοὸς
1079 1139 1239 1206 μελαίνης
1257 1135 1479 1203 πρωτοτόκου

239 1217 287 1270 καί
306 1215 506 1286 πρωτοτρόφον
524 1216 562 1272 ib.
585 1223 644 1286 100,
659 1223 728 1271 3149
739 1234 779 1284 sq.
816 1214 978 1286 μελαίνης
996 1217 1076 1288 βοὸς
1094 1215 1408 1287 yoitocAbrax.172,12
1429 1218 1477 1286 (cf.

240 1301 300 1362 181,
315 1299 350 1366 2).
379 1292 449 1365 αίμα
468 1296 629 1367 μελαίνης
649 1300 780 1365 (μελανης
797 1298 835 1366 p.)
854 1294 933 1368 βοός
959 1296 1048 1352 Wcss.
1072 1297 1151 1351 Neue
1175 1296 1221 1350 Gr.
1246 1297 1296 1351 ΖΡ.
1311 1303 1355 1364 44,
1370 1303 1422 1351 718
1434 1316 1476 1366 sq.

241 1404 274 1422 =
290 1377 358 1432 Kcn.
376 1383 436 1444 105,
451 1384 502 1432 652
513 1396 553 1447 sq.

167 1505 351 1589 Hercynam
388 1505 421 1567 in
458 1504 637 1588 Trophonii
673 1527 803 1569 nemore
840 1526 912 1568 cum
946 1503 1030 1569 Cora
1065 1507 1229 1588 ludentem
1262 1528 1373 1570 anser
1406 1507 1477 1590 qui-

167 1603 241 1666 dam
271 1604 551 1688 effugisse.atque
582 1602 615 1666 in
648 1607 740 1667 antro
772 1625 805 1666 se
835 1601 1013 1667 occuluisse
1047 1604 1235 1667 tradebatur
1265 1604 1323 1667 sub
1354 1604 1478 1690 lapide3

169 1723 264 1784 quem
288 1723 361 1764 cum
384 1700 513 1764 tolleret
537 1699 628 1786 Cora,
651 1705 688 1765 ut
711 1723 856 1766 anserem
884 1705 1024 1786 caperet,
1057 1724 1140 1786 aqua
1168 1702 1276 1767 subito
1304 1702 1378 1766 inde
1402 1725 1477 1785 pro-

168 1799 272 1862 fluxit.
318 1797 455 1862 Flumen
478 1797 559 1862 illud
586 1799 736 1883 Hercyna
764 1799 999 1884 appellabatur3
1028 1800 1061 1863 in
1089 1801 1180 1864 cuius
1208 1801 1280 1884 ripa'
1305 1800 1477 1884 Hercynae

166 1900 235 1960 erat
245 1896 415 1980 templum:
425 1896 561 1981 virginis
571 1897 676 1962 inerat
690 1901 798 1962 statua
812 1919 957 1962 anserem
971 1898 1119 1963 tenentis.
1144 1896 1252 1984 (Paus.
1267 1896 1313 1962 IX
1327 1898 1417 1983 39,2.
1428 1898 1477 1986 3.)

237 2048 378 2114 „Anseres
405 2050 446 2102 rei
470 2048 579 2117 aliquid
605 2049 731 2103 habuisse
758 2065 820 2102 oum
847 2047 937 2102 Orcou
966 2046 1113 2100 adnotavit
1139 2045 1282 2100 Dieterich
1307 2048 1373 2116 Pap.
1398 2064 1475 2117 mag.

237 2144 264 2195 p.
280 2133 372 2193 785,4
391 2130 466 2182 recte
484 2144 547 2182 mea
565 2128 680 2196 quidem
698 2127 838 2182 sententia
856 2127 982 2181 refutaus
1001 2127 1152 2192 Kellerum‚
1171 2126 1221 2194 qui
1240 2126 1270 2179 in
1288 2126 1360 2180 libro
1380 2126 1477 2181 “licre

240 2207 288 2260 des
316 2207 493 2262 klassischen
518 2208 688 2262 Altertums’
711 2226 737 2277 p.
753 2214 813 2275 292,
828 2213 860 2260 61
887 2206 1071 2261 Friedreichii
1093 2205 1295 2276 explicationes
1317 2206 1479 2275 (symbolik

236 2306 262 2355 p.
279 2291 341 2357 586)
360 2288 549 2358 reprehendit,
568 2288 734 2360 praesertim
757 2306 820 2342 cum
842 2286 969 2341 Kellerus
992 2287 1053 2356 ipse
1070 2286 1089 2340 1.
1105 2304 1127 2342 c.
1147 2304 1174 2355 p.
1190 2292 1241 2341 288
1252 2304 1311 2355 sqq.
1332 2290 1361 2340 et
1377 2305 1404 2355 p.
1420 2292 1476 2341 296

237 2367 371 2421 eroticam
394 2368 450 2421 vim
473 2368 550 2422 illius
574 2368 646 2436 avis,
669 2368 719 2436 qui
736 2367 919 2423 fecunditatis
943 2368 1054 2437 signum
1077 2367 1248 2434 habebatur,
1275 2367 1352 2420 haud
1374 2367 1476 2436 paucis

236 2447 327 2500 verbis
335 2448 527 2504 declaraverit.
538 2449 579 2503 Ac
589 2466 653 2503 vero
663 2449 737 2502 inter
744 2465 839 2502 omnes
854 2451 972 2515 constat,
982 2451 1118 2516 quantum
1132 2446 1292 2501 interfuerit
1305 2446 1477 2501 Graecorum

236 2531 264 2580 et
282 2528 471 2582 Romanorum
490 2528 637 2583 chthonios
656 2529 768 2598 placare
787 2529 866 2595 deos,
885 2529 990 2597 quippe
1008 2528 1058 2595 qui
1076 2527 1277 2581 fecunditatem
1296 2527 1477 2596 praeberent.

236 2608 304 2661 Isidi
313 2625 424 2677 quoque
435 2612 464 2663 et
474 2608 577 2663 Osiridi
592 2625 704 2664 anseres
718 2608 945 2674 immolabantur,
960 2608 1034 2661 Lena
1045 2607 1176 2677 Zoologie
1186 2608 1236 2661 der
1245 2608 1321 2661 alten
1335 2605 1477 2662 Griechen

237 2689 294 2740 und
313 2690 415 2742 Romer
433 2708 460 2757 p.
475 2695 535 2744 407.
568 2689 729 2742 Friedreich
748 2689 766 2742 l.
786 2706 809 2743 c.
840 2688 982 2743 Dieterich
1001 2688 1019 2742 l.
1034 2707 1057 2743 c.
1095 2687 1196 2743 Nescio
1216 2704 1253 2741 an
1270 2688 1390 2741 fortasse
1409 2704 1476 2743 cum

236 2767 341 2821 erotica
369 2768 419 2821 illa
448 2769 554 2823 anseris
582 2768 787 2838 significatione
815 2768 910 2836 aliquo
941 2769 1023 2823 modo
1054 2769 1204 2822 cohaereat
1235 2767 1264 2820 id
1294 2768 1370 2836 quod
1396 2770 1476 2836 apud

236 2846 385 2901 Aelianum
400 2851 546 2903 exaratum
559 2848 664 2918 reperis
680 2848 754 2915 (hist.
770 2848 915 2918 an.V29):
934 2847 1150 2917 θερμότατος
1163 2845 1194 2902 δὲ
1209 2847 1264 2915 ἄρα
1279 2845 1318 2902 ὢν
1332 2849 1380 2901 καί
1394 2850 1477 2902 δια-

236 2928 433 2993 τορώτατος
451 2928 501 2998 τὴν
521 2929 606 2998 φύσιν
623 2928 637 2983 ὁ
652 2927 712 2998 χήν.
741 2928 860 2982 Anseres
875 2929 988 2982 omnino
1002 2928 1098 2982 multis
1114 2928 1144 2981 in
1159 2927 1271 2997 templis
1285 2928 1475 2997 habebantur,

236 3007 271 3061 cf.
285 3007 453 3064 Artemidor.
474 3009 613 3063 Oneirocr.
632 3009 671 3062 IV
685 3014 732 3064 83:
752 3008 823 3077 ἱεροὶ
846 3007 898 3079 γὰρ
923 3009 950 3064 οἱ
976 3017 1058 3080 χῆνες
1081 3010 1129 3063 καί
1158 3008 1188 3064 ἐν
1214 3017 1293 3070 ναοῖς
1316 3008 1476 3077 ἀνατρεφό-

238 3106 324 3155 μενον.
362 3089 384 3141 Ε
408 3089 523 3159 papyris
546 3089 663 3159 magicis
683 3089 717 3143 cf.
737 3089 820 3144 haec:
843 3089 896 3160 χὴν
915 3088 1031 3152 donator
1049 3088 1192 3143 Dieterich
1210 3090 1277 3157 Pap.
1296 3105 1369 3157 mag.
1389 3088 1440 3141 VH
1457 3097 1475 3143 2

236 3171 265 3222 et
283 3177 358 3237 φῦσα
372 3169 472 3240 χήνεια
485 3170 574 3225 Wess.
590 3169 636 3227 Gr.
647 3170 698 3224 ZP.
715 3176 775 3237 113,
785 3175 836 3224 396
847 3197 881 3216 =
891 3170 959 3225 Ken.
977 3176 1018 3236 77,
1033 3175 1084 3223 382
1101 3168 1265 3238 (‘windpipe
1280 3168 1339 3221 ofa
1353 3170 1474 3239 goose').

236 3250 403 3303 Persuasum
422 3250 492 3303 mihi
510 3251 602 3304 habeo
625 3267 681 3303 non
704 3249 764 3304 sinc
788 3267 872 3304 causa
890 3250 1081 3304 Alexandrum
1103 3249 1184 3302 illum
1207 3248 1475 3320 Abonotichensem‚

235 3329 284 3396 qui
304 3329 392 3383 altero
410 3349 437 3398 p.
458 3330 519 3385 Chr.
540 3332 652 3384 saeculo
674 3329 762 3386 totius
786 3329 884 3384 mundi
903 3331 996 3384 oculos
1020 3329 1050 3382 in
1068 3346 1097 3382 se
1116 3329 1299 3393 converterat,
1319 3326 1476 3394 Glyconem

235 3427 315 3462 suum
335 3426 368 3462 ex
387 3410 520 3464 anseris
539 3427 589 3463 ovo
608 3413 793 3480 prodeuntem
807 3410 906 3464 fecisse
922 3409 1045 3477 (Luciam
1060 3408 1138 3461 Alex.
1157 3409 1208 3476 13),
1227 3405 1392 3475 praesertim
1407 3425 1476 3465 cum

236 3489 328 3558 capite
348 3490 476 3556 sequenti
496 3492 550 3560 (14)
570 3492 605 3545 de
623 3509 694 3546 novo
713 3493 763 3546 illo
781 3489 949 3558 Aesculapio
968 3488 1070 3543 iterum
1093 3485 1245 3541 asseverari
1268 3486 1397 3540 videatur
1420 3491 1476 3545 οὐκ

235 3569 266 3623 ἐκ
285 3567 595 3637 Κορωνίδος...οοοί
613 3592 643 3642 ys
663 3572 795 3641 κορώνης,
814 3567 873 3623 ἀλλ’
896 3569 930 3623 ἐκ
948 3568 1052 3638 χηνὸς
1071 3564 1280 3638 γεγεννημένον.

163 3677 361 3781 Amphiarao
381 3698 547 3782 gallinas
568 3699 761 3764 sacrificatas
781 3720 850 3762 esse
869 3719 907 3760 ex
927 3694 1158 3779 Aristophanis
1177 3694 1366 3778 Amphiarai
1385 3696 1475 3783 frag-

163 3798 272 3859 mento
296 3796 550 3885 concluserim1).

234 3935 318 3990 Plura
338 3937 373 3990 de
391 3935 475 4004 gallis
494 3954 518 3990 v.
538 3935 612 3989 infra
630 3954 657 4005 p.
673 3941 706 3990 46
718 3953 757 4003 sq.

746 4096 779 4149 Π.
799 4095 884 4148 Alia.

163 4189 369 4253 Placentao
392 4187 585 4271 Aesculapio
610 4188 835 4252 cremabantur
862 4190 936 4251 ante
964 4186 1204 4251 incubationom
1228 4187 1471 4252 instituendam.

163 4285 344 4374 (Aristoph.
363 4285 448 4349 Plut.
464 4282 597 4372 ossosq.)
634 4286 672 4351 cf.
687 4309 718 4369 p.
735 4287 784 4350 18.

164 4413 377 4421 --—-—-——

253 4482 278 4548 1)
298 4478 350 4547 frg.
368 4484 400 4532 18
421 4477 510 4533 Kock:
557 4478 649 4549 γύναι,
667 4477 695 4532 τί
713 4479 744 4534 τὸ
763 4476 898 4549 ψοφῆσοίν
917 4477 996 4548 ἐσθ’,
1015 4512 1049 4519 -
1068 4479 1225 4546 ἁλεκτρυὼν

548 4559 599 4627 τὴν
618 4559 717 4613 κύλικα
735 4558 949 4631 καταβέβληκεν.
971 4592 1001 4599 -
1022 4557 1176 4628 οἰμώζοοσοί
1195 4577 1233 4628 γε.

163 4648 283 4702 Videtur
301 4646 409 4716 gallina
424 4648 460 4702 ab
475 4647 648 4714 Atheniensi,
668 4648 718 4716 qui
737 4666 799 4702 cum
817 4665 903 4702 uxore
921 4648 1086 4718 Amphiarai
1105 4664 1215 4702 sacrum
1233 4646 1314 4714 adiit,
1333 4648 1370 4701 ad
1385 4649 1470 4702 sacri·

163 4726 305 4782 ficandum
323 4726 466 4783 destinata
483 4727 583 4797 fuisse3
602 4745 773 4798 quamquam
792 4727 910 4784 dubium
929 4732 979 4785 est.
