3294 5190
220 330 263 393 28
796 329 887 399 Caput
902 329 935 383 Π.

292 489 502 560 πελαγοδρύμου
521 491 569 544 καί
583 488 732 558 κάνθαρον
750 489 858 559 τροφήν
877 507 928 544 σοι.
956 493 1046 559 θορῆς
1064 490 1177 543 subesse
1196 491 1354 559 suspicatur
1372 490 1529 557 Dieterich,

289 571 455 639 praesertim
470 588 533 624 cum
551 574 685 638 sequatur
702 587 754 623 vox
771 570 877 638 ’φύσιν’
894 570 988 640 (φύσις
1001 597 1034 616 --
1050 573 1176 639 cunnus),
1194 570 1236 624 ita
1254 572 1287 624 ut
1300 570 1411 624 mulieri
1430 587 1531 624 semen

289 650 369 703 virile
388 651 418 703 in
437 667 528 704 cunno
546 667 650 719 ponere
668 650 884 719 praeciperetur.
921 650 1028 705 Tamen
1047 668 1109 704 cum
1127 667 1193 704 voce
1214 652 1332 705 ‘deseca’
1353 651 1529 720 coniungen-

291 732 357 784 dum
372 731 482 785 videtur
499 727 560 799 αἷμ’
581 728 692 799 ἱέρακος
709 747 800 798 neque
818 747 882 784 vero
901 747 974 799 quae
992 731 1170 786 antecedunt.
1208 728 1295 800 δέρμα
1314 729 1476 799 φοινίκινον
1496 734 1529 784 et

290 808 422 865 κόκκινον
440 829 464 863 v.
483 828 511 879 p.
527 816 569 863 25.
607 808 696 879 δέρμα
713 810 802 880 γυπός
820 811 877 864 alia
895 810 1038 865 Dieterich
1055 811 1166 880 Nekyia
1184 829 1211 880 p.
1227 818 1271 878 47,
1285 818 1309 865 4.

218 918 408 1003 Amphiarai
440 919 568 983 oraculo
602 919 722 984 sanatis
755 921 968 984 constitutum
1000 925 1069 985 erat
1099 925 1300 1007 argentum
1333 922 1384 986 vel
1409 945 1529 986 aurum

219 1018 386 1202 giglatgn
418 1018 455 1080 in
488 1018 633 1082 fontem
677 1017 850 1101 proicere
883 1040 985 1103 prope
1016 1018 1173 1103 templum
1199 1019 1360 1084 fluentem.
1412 1018 1526 1106 (Paus.

254 1118 306 1199 3,
344 1167 350 1178 .

293 1247 327 1300 cf.
353 1263 426 1314 quae
452 1246 570 1301 Aristidi
596 1264 613 1300 a
639 1247 691 1300 deo
719 1264 769 1316 per
794 1264 921 1301 somnum
946 1247 1127 1317 imperantur,
1152 1265 1188 1302 ne
1213 1247 1298 1301 tertio
1322 1247 1453 1317 deinceps
1478 1249 1529 1302 die

291 1330 409 1380 mortem
423 1327 515 1393 obeat,
529 1327 578 1380 ubi
593 1345 656 1380 cum
671 1326 728 1380 alia
741 1327 813 1396 legis
823 1330 883 1380 tum
898 1328 967 1381 haee
976 1328 1012 1396 (H
1022 1328 1186 1397 400‚26K.):
1201 1327 1296 1381 ἔπειτα
1311 1326 1529 1397 ἀναστρέφοντα

288 1405 410 1477 λαβόντα
433 1404 582 1476 κέρματα
601 1405 759 1478 διαβαίνειν
777 1426 807 1460 τε
829 1407 879 1462 τὸν
901 1407 1054 1476 ποταμὸν
1073 1408 1121 1461 καί
1139 1406 1366 1475 ἀπορρίπτειν
1385 1411 1439 1461 κτί.
1479 1409 1527 1462 In-

290 1489 388 1541 dorum
402 1504 458 1554 ren,
474 1504 536 1541 cum
550 1487 635 1541 Indus
650 1487 726 1556 ripas
741 1487 939 1556 superavisset,
954 1487 1041 1542 atris
1060 1487 1248 1556 tantisatque
1263 1487 1342 1556 equis
1357 1488 1529 1542 sacrificatis

289 1584 403 1622 auream
416 1567 490 1621 vasis
504 1566 681 1621 frumentarii
701 1567 823 1638 effigiem
843 1568 975 1623 fluctibus
993 1567 1131 1622 immrsit
1152 1567 1282 1623 Philostr.
1292 1568 1325 1623 V.
1336 1567 1427 1637 Apoll.
1442 1569 1468 1621 Π
1480 1575 1527 1624 19.

305 1855 374 1920 Iam
392 1855 433 1918 ad
451 1856 547 1919 finem
566 1855 777 1940 pervenimus.
818 1854 852 1921 N
853 1879 894 1921 on
915 1857 1017 1920 multa
1036 1856 1165 1940 quidem
1184 1860 1268 1941 sunt,
1288 1878 1368 1940 quae
1387 1857 1529 1940 scripto-

216 1978 268 2019 res
294 1954 388 2018 nobis
412 1953 552 2039 tradunt,
576 1957 683 2017 tamen
706 1953 814 2039 aliqua
836 1955 919 2019 ratio
943 1955 1088 2039 intellegi
1115 1958 1229 2038 potest.
1274 1952 1319 2017 Iis
1342 1953 1427 2016 enim
1451 1955 1529 2018 riti-

219 2053 290 2136 bus,
314 2075 394 2136 quos
420 2053 479 2116 sub
503 2052 614 2116 ‘victu’
638 2053 886 2137 composuimus,
908 2053 1057 2117 videlicet
1080 2053 1205 2116 efficere
1224 2051 1383 2135 volebant,
1406 2055 1443 2115 ut
1466 2051 1530 2116 ho-

215 2152 339 2215 minum
380 2150 480 2214 animi
518 2173 538 2214 a
569 2150 712 2233 corporis
756 2151 947 2236 contagione
987 2151 1213 2233 liberarentur,
1246 2171 1341 2232 quam
1377 2150 1417 2213 ad
1454 2172 1529 2214 rem

215 2248 460 2333 perpetrandam
492 2249 635 2332 profecto
668 2248 836 2332 aptissima
867 2254 957 2313 erant
979 2249 1135 2313 ieiunium
1167 2247 1355 2311 castimonia
1382 2247 1528 2331 vigiliae.

215 2346 360 2413 Alterius
383 2368 459 2410 vero
483 2346 605 2410 ordinis
628 2351 798 2430 praecepta
821 2347 854 2409 in
878 2347 919 2410 iis
941 2347 1147 2431 potissimum
1166 2345 1367 2410 caerimoniis
1387 2349 1528 2429 reperiri

215 2449 360 2531 possunt,
384 2467 466 2530 quae
490 2444 649 2509 lustrandi
668 2444 720 2508 vel
737 2445 928 2528 purificandi
952 2466 1047 2509 causa
1066 2447 1230 2528 susceptae
1240 2442 1265 2530 ¹)
1290 2466 1362 2507 cum
1381 2444 1528 2510 inferum

219 2543 308 2608 cultu
332 2565 505 2627 eorumque
527 2542 731 2608 veneratione
754 2545 942 2608 coniunctae
965 2564 1034 2607 esse
1057 2542 1169 2607 solent.

304 2641 419 2725 Neque
441 2663 517 2704 vero
540 2641 610 2704 sine
633 2641 741 2724 aliqua
764 2663 858 2706 causa
881 2639 1142 2705 adnotationibus
1161 2639 1364 2704 uberioribus
1384 2663 1401 2703 e
1422 2663 1529 2725 papy-

218 2740 263 2803 ris
287 2739 420 2824 magicis
445 2738 601 2802 eiusmodi
626 2738 713 2803 locos
741 2739 923 2822 attulimus,
951 2737 1068 2821 quibus
1097 2737 1225 2801 eosdem
1252 2737 1334 2800 ritus
1363 2739 1396 2800 in
1424 2741 1528 2803 caeri-

217 2837 335 2900 moniis
363 2836 497 2922 magicis
525 2836 663 2901 usitatos
690 2837 790 2900 fuisse
818 2835 1039 2901 declararetur.
1086 2833 1156 2911 Qua
1183 2836 1218 2899 in
1249 2856 1284 2898 re
1311 2856 1396 2899 nunc
1422 2837 1527 2918 paulo

218 2934 349 2999 dilutius
373 2937 422 2999 est
444 2934 672 2999 disserendum.

304 3030 413 3117 Atque
435 3032 497 3097 hoc
515 3032 644 3117 quidem
663 3032 742 3097 satis
761 3035 887 3098 constat
904 3031 987 3095 ritus
1006 3031 1148 3116 magicos
1166 3031 1354 3117 plerumque
1374 3032 1412 3095 de
1431 3033 1528 3099 cultu

215 3130 348 3196 deorum
371 3131 598 3196 chthoniorum
621 3131 778 3217 originem
802 3127 961 3216 ducereb:
985 3129 1145 3212 quomodo
1168 3129 1221 3193 hic
1244 3128 1451 3193 lustrationes
1475 3131 1528 3195 in-

217 3229 452 3313 staurabantur,
475 3233 512 3293 ut
535 3230 673 3293 inferum
696 3229 744 3292 ira
761 3228 950 3313 placaretur,
969 3227 1068 3290 simili
1087 3227 1181 3291 modo
1201 3227 1225 3290 ii
1244 3249 1371 3311 quoque
1390 3227 1528 3293 lustrari

216 3327 387 3412 debebant,
418 3328 473 3412 qui
500 3331 633 3392 naturae
660 3349 775 3390 arcana
802 3327 837 3389 in
865 3326 1020 3391 ditionem
1048 3347 1138 3389 suam
1167 3324 1338 3387 studebant
1366 3323 1527 3405 redigere.

215 3424 328 3509 Itaque
360 3426 547 3509 saepissime
575 3425 609 3489 in
640 3424 771 3508 papyris
804 3424 938 3509 magicis
970 3422 1199 3506 praescribitur
1226 3417 1374 3504 ἁγνείαῆ
1408 3419 1459 3482 vel
1483 3427 1527 3489 τὸ

215 3521 379 3605 ἁγνεύειν.
416 3523 567 3606 Exempli
590 3523 695 3607 gratia
714 3523 752 3586 cf.
771 3521 920 3604 Wessely
944 3520 997 3585 Gr.
1015 3518 1076 3584 ZP.
1095 3542 1124 3601 p.
1145 3518 1197 3601 22,
1211 3515 1267 3580 52:
1290 3518 1529 3602 προαγυεύσας

215 3619 243 3701 ζ’
266 3620 389 3708 ἡμέρας
412 3619 575 3708 (attendas
601 3642 770 3685 numerum
795 3618 837 3706 7).
862 3619 904 3683 ib.
926 3618 998 3701 101,
1017 3616 1118 3682 3209:
1146 3615 1311 3699 ἁγνεύσας
1337 3612 1460 3700 ἡμέρας
1485 3619 1528 3696 ζ’·

216 3762 429 3775 σ-Δ-.---

304 3854 330 3914 ll
350 3852 384 3906 cf.
404 3853 484 3906 Paus.
504 3852 574 3916 134,
589 3856 617 3904 5:
646 3851 694 3903 καί
717 3847 898 3918 πρῶτονμὲν
922 3845 1146 3915 καθήρασθαι
1165 3842 1323 3913 νομίζουσιν
1341 3841 1415 3904 ὅστις
1433 3837 1529 3910 blitea

211 3930 371 4004 Ἀμφιαράῳ
390 3928 566 4001 χρησόμενος.
603 3929 656 3983 Vel
680 3930 714 3982 de
738 3928 891 3998 Trophonii
914 3926 1040 3997 supplice
1063 3926 1101 3978 id.
1120 3925 1159 3978 IX
1178 3930 1220 3990 39,
1236 3930 1264 3979 5:
1293 3921 1474 3991 ἁιαιτώμενός
1495 3947 1529 3981 τε

215 4012 342 4068 ἐνταῦθα
369 4011 405 4065 τὰ
426 4029 456 4064 τε
480 4009 549 4064 ἄλλα
571 4009 764 4077 καθαρεύει
787 4012 841 4063 κτλ.
888 4009 986 4076 ltaque
1012 4008 1047 4061 de
1072 4003 1245 4060 descensuris
1266 4003 1393 4057 lustratis
1419 4001 1531 4060 dicitur

216 4093 402 4164 ἁγνεύοαντες
429 4087 585 4158 ὡρισμένως
607 4089 692 4144 schol.
716 4089 762 4142 Ar.
783 4088 856 4142 Nub.
880 4088 995 4142 508111.
1016 4085 1142 4156 Apostol.
1166 4084 1243 4137 XVII
1258 4090 1299 4138 30.
1337 4082 1531 4152 ἁγνεύσαντες

214 4171 368 4242 ὡρισμένας
386 4167 489 4238 ἡμέρας
503 4169 588 4222 schol.
604 4169 622 4223 l.
638 4185 660 4222 c.
675 4170 714 4235 V3
729 4168 763 4223 cf.
779 4167 856 4222 Suid.
871 4186 891 4221 s.
907 4187 930 4220 v.
948 4172 1036 4236 Τροφ.
1052 4166 1202 4235 μυούμενοι
1216 4181 1328 4233 quoque
1341 4160 1531 4219 nominantur

214 4250 406 4322 Trophonium
436 4248 589 4303 consulturi
617 4248 698 4316 quasi
728 4248 864 4317 mysteria
890 4247 1026 4302 adeuntes
1050 4245 1135 4301 schol.
1159 4245 1232 4299 Nub.
1257 4249 1308 4298 508
1327 4243 1348 4311 I,
1372 4242 1435 4310 ipsa
1458 4259 1530 4299 vero

214 4331 359 4387 incubatio
383 4362 417 4370 —
435 4329 534 4398 μύησις
558 4329 609 4397 iu,
629 4328 663 4383 ef.
683 4329 797 4384 Cosmus
812 4330 849 4382 ad
874 4328 954 4397 Greg.
979 4328 1047 4381 Nan.
1067 4325 1163 4395 Migne
1181 4327 1201 4380 t.
1218 4329 1251 4378 38
1270 4343 1297 4393 p.
1314 4328 1377 4376 513:
1407 4319 1532 4382 ἐποίουν

215 4411 246 4465 δὲ
260 4409 369 4471 τελετάς
382 4429 461 4472 τινας
476 4409 503 4463 οί
517 4407 666 4471 κατιόντες.
700 4407 820 4462 Omnino
834 4407 976 4461 hominem
989 4406 1131 4476 integrum
1146 4422 1206 4460 esse
1221 4403 1382 4473 oportebat:
1401 4403 1531 4470 periuris

215 4509 272 4545 non
297 4489 404 4543 licebat
432 4489 567 4544 incubare
590 4489 661 4557 lovi,
693 4489 785 4542 Plaut.
818 4487 895 4542 Cure.
920 4493 1023 4556 268sq.
1061 4485 1233 4542 Protesilaus
1260 4485 1359 4538 oderat
1383 4483 1532 4557 moechos,

215 4569 345 4623 Philostr.
365 4569 429 4623 Her.
446 4576 496 4624 679
515 4589 543 4639 p.
561 4575 620 4638 148,
636 4570 694 4624 6Κ.

305 4653 331 4720 2)
352 4649 386 4704 ef.
406 4649 549 4704 Dieterich
568 4651 694 4704 Abraxas
714 4668 740 4718 p.
757 4654 817 4715 157,
832 4655 857 4704 2.

308 4734 334 4802 3)
354 4730 388 4786 cf.
408 4730 445 4786 ib.
465 4749 492 4800 p.
509 4732 602 4786 rssA.
