<?xml version="1.0" encoding="UTF-8"?>
<!DOCTYPE html PUBLIC "-//W3C//DTD XHTML 1.0 Transitional//EN"
    "http://www.w3.org/TR/xhtml1/DTD/xhtml1-transitional.dtd">
<html xmlns="http://www.w3.org/1999/xhtml" xml:lang="en" lang="en">
 <head>
  <title>
</title>
<meta http-equiv="Content-Type" content="text/html;charset=utf-8" />
  <meta name='ocr-system' content='tesseract 3.04.00' />
  <meta name='ocr-capabilities' content='ocr_page ocr_carea ocr_par ocr_line ocrx_word'/>
</head>
<body>
  <div class='ocr_page' id='page_1' title='image "./deincubationeca00deubgoog_0034.png"; bbox 0 0 3294 5190; ppageno 0'>
   <div class='ocr_carea' id='block_1_1' title="bbox 554 319 1478 390">
    <p class='ocr_par' dir='ltr' id='par_1_1' title="bbox 554 319 1478 390">
     <span class='ocr_line' id='line_1_1' title="bbox 554 319 1478 390; baseline 0.002 -15"><span class='ocrx_word' id='word_1_1' title='bbox 554 320 596 377; x_wconf 88' lang='lat' dir='ltr'>De</span> <span class='ocrx_word' id='word_1_2' title='bbox 614 319 768 375; x_wconf 90' lang='lat' dir='ltr'>incubandi</span> <span class='ocrx_word' id='word_1_3' title='bbox 787 320 889 376; x_wconf 90' lang='lat' dir='ltr'>ritibus</span> <span class='ocrx_word' id='word_1_4' title='bbox 908 321 1105 390; x_wconf 90' lang='lat' dir='ltr'>symbolisquc.</span> <span class='ocrx_word' id='word_1_5' title='bbox 1436 325 1478 388; x_wconf 80' lang='lat'>21</span> 
     </span>
    </p>
   </div>
   <div class='ocr_carea' id='block_1_2' title="bbox 169 482 1479 864">
    <p class='ocr_par' dir='ltr' id='par_1_2' title="bbox 169 482 1479 864">
     <span class='ocr_line' id='line_1_2' title="bbox 171 482 1479 571; baseline 0 -20"><span class='ocrx_word' id='word_1_6' title='bbox 171 485 308 551; x_wconf 85' lang='lat' dir='ltr'>Adnecti</span> <span class='ocrx_word' id='word_1_7' title='bbox 332 489 448 570; x_wconf 88' lang='lat' dir='ltr'>potest,</span> <span class='ocrx_word' id='word_1_8' title='bbox 477 485 563 569; x_wconf 91' lang='lat' dir='ltr'>quod</span> <span class='ocrx_word' id='word_1_9' title='bbox 587 485 625 549; x_wconf 92' lang='lat' dir='ltr'>de</span> <span class='ocrx_word' id='word_1_10' title='bbox 653 483 812 548; x_wconf 81' lang='lat' dir='ltr'>Charonio</span> <span class='ocrx_word' id='word_1_11' title='bbox 835 482 965 568; x_wconf 90' lang='lat' dir='ltr'>Nysaeo</span> <span class='ocrx_word' id='word_1_12' title='bbox 990 483 1107 549; x_wconf 87' lang='lat' dir='ltr'>Strabo</span> <span class='ocrx_word' id='word_1_13' title='bbox 1135 490 1245 549; x_wconf 89' lang='lat' dir='ltr'>narrat</span> <span class='ocrx_word' id='word_1_14' title='bbox 1268 484 1361 571; x_wconf 86' lang='lat' dir='ltr'>(XIV</span> <span class='ocrx_word' id='word_1_15' title='bbox 1387 488 1415 571; x_wconf 87' lang='lat'>1,</span> <span class='ocrx_word' id='word_1_16' title='bbox 1434 487 1479 551; x_wconf 95' lang='grc'>44</span> 
     </span>
     <span class='ocr_line' id='line_1_3' title="bbox 169 581 1479 671; baseline 0.001 -23"><span class='ocrx_word' id='word_1_17' title='bbox 169 608 200 669; x_wconf 90' lang='lat' dir='ltr'>p.</span> <span class='ocrx_word' id='word_1_18' title='bbox 225 583 317 671; x_wconf 81' lang='lat'>650):</span> <span class='ocrx_word' id='word_1_19' title='bbox 351 585 481 648; x_wconf 87' lang='lat' dir='ltr'>iuvenes</span> <span class='ocrx_word' id='word_1_20' title='bbox 512 583 729 667; x_wconf 85' lang='lat' dir='ltr'>ephebosque,</span> <span class='ocrx_word' id='word_1_21' title='bbox 767 605 838 646; x_wconf 90' lang='lat' dir='ltr'>cum</span> <span class='ocrx_word' id='word_1_22' title='bbox 871 581 1086 647; x_wconf 88' lang='lat' dir='ltr'>celebraretur</span> <span class='ocrx_word' id='word_1_23' title='bbox 1121 584 1308 670; x_wconf 84' lang='lat' dir='ltr'>pancgyris,</span> <span class='ocrx_word' id='word_1_24' title='bbox 1345 585 1479 649; x_wconf 90' lang='lat' dir='ltr'>meridie</span> 
     </span>
     <span class='ocr_line' id='line_1_4' title="bbox 169 678 1478 768; baseline 0.001 -22"><span class='ocrx_word' id='word_1_25' title='bbox 169 683 272 747; x_wconf 90' lang='lat' dir='ltr'>nudos</span> <span class='ocrx_word' id='word_1_26' title='bbox 301 680 354 768; x_wconf 87' lang='lat' dir='ltr'>(cf.</span> <span class='ocrx_word' id='word_1_27' title='bbox 388 682 471 746; x_wconf 87' lang='lat' dir='ltr'>iufra</span> <span class='ocrx_word' id='word_1_28' title='bbox 503 704 532 764; x_wconf 87' lang='lat' dir='ltr'>p.</span> <span class='ocrx_word' id='word_1_29' title='bbox 554 678 611 768; x_wconf 80' lang='grc'>24)</span> <span class='ocrx_word' id='word_1_30' title='bbox 644 683 740 764; x_wconf 88' lang='lat' dir='ltr'>atque</span> <span class='ocrx_word' id='word_1_31' title='bbox 775 679 921 767; x_wconf 86' lang='lat' dir='ltr'>unct0s¹)</span> <span class='ocrx_word' id='word_1_32' title='bbox 957 685 1085 745; x_wconf 89' lang='lat' dir='ltr'>taurum</span> <span class='ocrx_word' id='word_1_33' title='bbox 1124 680 1159 745; x_wconf 90' lang='lat' dir='ltr'>in</span> <span class='ocrx_word' id='word_1_34' title='bbox 1194 684 1323 746; x_wconf 89' lang='lat' dir='ltr'>antrum</span> <span class='ocrx_word' id='word_1_35' title='bbox 1356 682 1478 767; x_wconf 88' lang='lat' dir='ltr'>ducere,</span> 
     </span>
     <span class='ocr_line' id='line_1_5' title="bbox 171 777 1223 864; baseline -0.001 -21"><span class='ocrx_word' id='word_1_36' title='bbox 171 781 228 844; x_wconf 89' lang='lat' dir='ltr'>ubi</span> <span class='ocrx_word' id='word_1_37' title='bbox 250 779 398 844; x_wconf 88' lang='lat' dir='ltr'>homines</span> <span class='ocrx_word' id='word_1_38' title='bbox 422 778 603 843; x_wconf 89' lang='lat' dir='ltr'>incubando</span> <span class='ocrx_word' id='word_1_39' title='bbox 628 778 678 842; x_wconf 87' lang='lat' dir='ltr'>dei</span> <span class='ocrx_word' id='word_1_40' title='bbox 702 777 836 843; x_wconf 91' lang='lat' dir='ltr'>consilia</span> <span class='ocrx_word' id='word_1_41' title='bbox 860 782 1044 864; x_wconf 88' lang='lat' dir='ltr'>exspectare</span> <span class='ocrx_word' id='word_1_42' title='bbox 1068 779 1223 845; x_wconf 88' lang='lat' dir='ltr'>solebant.</span> 
     </span>
    </p>
   </div>
   <div class='ocr_carea' id='block_1_3' title="bbox 164 1004 1480 2916">
    <p class='ocr_par' dir='ltr' id='par_1_3' title="bbox 164 1004 1480 2916">
     <span class='ocr_line' id='line_1_6' title="bbox 169 1004 1480 1079; baseline 0.002 -17"><span class='ocrx_word' id='word_1_43' title='bbox 169 1007 344 1063; x_wconf 91' lang='lat' dir='ltr'>Meilichium</span> <span class='ocrx_word' id='word_1_44' title='bbox 361 1006 435 1061; x_wconf 82' lang='lat' dir='ltr'>Naxi</span> <span class='ocrx_word' id='word_1_45' title='bbox 455 1006 484 1059; x_wconf 92' lang='lat' dir='ltr'>in</span> <span class='ocrx_word' id='word_1_46' title='bbox 503 1006 603 1074; x_wconf 91' lang='lat' dir='ltr'>insula,</span> <span class='ocrx_word' id='word_1_47' title='bbox 627 1007 662 1060; x_wconf 93' lang='lat' dir='ltr'>de</span> <span class='ocrx_word' id='word_1_48' title='bbox 687 1005 765 1060; x_wconf 90' lang='lat' dir='ltr'>cuius</span> <span class='ocrx_word' id='word_1_49' title='bbox 785 1004 949 1077; x_wconf 85' lang='lat' dir='ltr'>cognomine</span> <span class='ocrx_word' id='word_1_50' title='bbox 968 1025 993 1062; x_wconf 88' lang='lat' dir='ltr'>v.</span> <span class='ocrx_word' id='word_1_51' title='bbox 1013 1008 1114 1062; x_wconf 87' lang='lat' dir='ltr'>Athen.</span> <span class='ocrx_word' id='word_1_52' title='bbox 1135 1008 1173 1061; x_wconf 92' lang='grc' dir='ltr'>ΠΙ</span> <span class='ocrx_word' id='word_1_53' title='bbox 1193 1014 1264 1063; x_wconf 74' lang='lat'><strong>780:</strong></span> <span class='ocrx_word' id='word_1_54' title='bbox 1293 1009 1342 1063; x_wconf 82' lang='grc' dir='ltr'>0ιά</span> <span class='ocrx_word' id='word_1_55' title='bbox 1360 1009 1412 1079; x_wconf 79' lang='grc' dir='ltr'>τῆν</span> <span class='ocrx_word' id='word_1_56' title='bbox 1429 1019 1480 1065; x_wconf 81' lang='grc' dir='ltr'>τοῦ</span> 
     </span>
     <span class='ocr_line' id='line_1_7' title="bbox 168 1084 1477 1160; baseline -0.001 -16"><span class='ocrx_word' id='word_1_57' title='bbox 168 1087 283 1144; x_wconf 79' lang='grc' dir='ltr'><strong><em>συκίνου</em></strong></span> <span class='ocrx_word' id='word_1_58' title='bbox 302 1095 411 1156; x_wconf 80' lang='grc' dir='ltr'><strong><em>καρποῦ</em></strong></span> <span class='ocrx_word' id='word_1_59' title='bbox 429 1085 595 1156; x_wconf 78' lang='grc' dir='ltr'><em>παράδοσιν.</em></span> <span class='ocrx_word' id='word_1_60' title='bbox 616 1087 660 1141; x_wconf 83' lang='grc' dir='ltr'>διὸ</span> <span class='ocrx_word' id='word_1_61' title='bbox 680 1087 728 1140; x_wconf 89' lang='grc' dir='ltr'><strong><em>καί</em></strong></span> <span class='ocrx_word' id='word_1_62' title='bbox 746 1087 778 1141; x_wconf 83' lang='grc' dir='ltr'>τὸ</span> <span class='ocrx_word' id='word_1_63' title='bbox 792 1085 954 1155; x_wconf 85' lang='grc' dir='ltr'><strong><em>πρόσωπον.</em></strong></span> <span class='ocrx_word' id='word_1_64' title='bbox 968 1129 973 1140; x_wconf 92' lang='grc'><em>.</em></span> <span class='ocrx_word' id='word_1_65' title='bbox 986 1094 1046 1140; x_wconf 85' lang='grc' dir='ltr'>,τοῦ</span> <span class='ocrx_word' id='word_1_66' title='bbox 1062 1084 1211 1157; x_wconf 76' lang='grc' dir='ltr'><strong><em>Μειλιχίου</em></strong></span> <span class='ocrx_word' id='word_1_67' title='bbox 1226 1086 1350 1144; x_wconf 78' lang='grc' dir='ltr'><strong><em>σύκινον.</em></strong></span> <span class='ocrx_word' id='word_1_68' title='bbox 1369 1088 1405 1142; x_wconf 84' lang='grc' dir='ltr'>τά</span> <span class='ocrx_word' id='word_1_69' title='bbox 1424 1090 1477 1160; x_wconf 85' lang='grc' dir='ltr'>χάρ</span> 
     </span>
     <span class='ocr_line' id='line_1_8' title="bbox 169 1164 1477 1237; baseline -0.002 -13"><span class='ocrx_word' id='word_1_70' title='bbox 169 1178 239 1224; x_wconf 82' lang='grc' dir='ltr'><strong><em>σῦκα</em></strong></span> <span class='ocrx_word' id='word_1_71' title='bbox 258 1165 366 1237; x_wconf 78' lang='grc' dir='ltr'><strong><em>μείλιχα</em></strong></span> <span class='ocrx_word' id='word_1_72' title='bbox 380 1169 547 1236; x_wconf 73' lang='grc' dir='ltr'><strong><em>καλεῖσθαι.)</em></strong></span> <span class='ocrx_word' id='word_1_73' title='bbox 577 1166 735 1221; x_wconf 88' lang='lat' dir='ltr'>Obscenam</span> <span class='ocrx_word' id='word_1_74' title='bbox 749 1182 860 1236; x_wconf 90' lang='lat' dir='ltr'>quoque</span> <span class='ocrx_word' id='word_1_75' title='bbox 874 1165 950 1218; x_wconf 89' lang='lat' dir='ltr'>illius</span> <span class='ocrx_word' id='word_1_76' title='bbox 966 1164 1073 1218; x_wconf 87' lang='lat' dir='ltr'>fructus</span> <span class='ocrx_word' id='word_1_77' title='bbox 1089 1165 1324 1237; x_wconf 81' lang='lat' dir='ltr'>significationem</span> <span class='ocrx_word' id='word_1_78' title='bbox 1338 1167 1477 1223; x_wconf 90' lang='lat' dir='ltr'>attendas.</span> 
     </span>
     <span class='ocr_line' id='line_1_9' title="bbox 167 1243 1479 1316; baseline -0.002 -13"><span class='ocrx_word' id='word_1_79' title='bbox 167 1250 208 1303; x_wconf 92' lang='lat' dir='ltr'>De</span> <span class='ocrx_word' id='word_1_80' title='bbox 223 1249 275 1303; x_wconf 90' lang='lat' dir='ltr'>fica</span> <span class='ocrx_word' id='word_1_81' title='bbox 294 1247 323 1300; x_wconf 93' lang='lat' dir='ltr'>in</span> <span class='ocrx_word' id='word_1_82' title='bbox 342 1245 459 1316; x_wconf 81' lang='lat' dir='ltr'>magicis</span> <span class='ocrx_word' id='word_1_83' title='bbox 479 1265 503 1301; x_wconf 92' lang='lat' dir='ltr'>v.</span> <span class='ocrx_word' id='word_1_84' title='bbox 522 1246 601 1300; x_wconf 86' lang='lat' dir='ltr'>Riess</span> <span class='ocrx_word' id='word_1_85' title='bbox 621 1265 640 1301; x_wconf 95' lang='lat' dir='ltr'>s.</span> <span class='ocrx_word' id='word_1_86' title='bbox 656 1266 680 1301; x_wconf 93' lang='lat' dir='ltr'>v.</span> <span class='ocrx_word' id='word_1_87' title='bbox 696 1246 809 1315; x_wconf 83' lang='lat' dir='ltr'>Abergl.</span> <span class='ocrx_word' id='word_1_88' title='bbox 825 1265 852 1315; x_wconf 91' lang='lat' dir='ltr'>p.</span> <span class='ocrx_word' id='word_1_89' title='bbox 868 1250 948 1313; x_wconf 82' lang='lat' dir='ltr'>55sq.</span> <span class='ocrx_word' id='word_1_90' title='bbox 966 1277 997 1284; x_wconf 95' lang='lat'><em>-</em></span> <span class='ocrx_word' id='word_1_91' title='bbox 1013 1243 1140 1309; x_wconf 80' lang='grc' dir='ltr'><strong><em>Χθόνιος</em></strong></span> <span class='ocrx_word' id='word_1_92' title='bbox 1154 1246 1307 1301; x_wconf 90' lang='lat' dir='ltr'>Mercurius</span> <span class='ocrx_word' id='word_1_93' title='bbox 1327 1246 1355 1300; x_wconf 92' lang='lat' dir='ltr'>in</span> <span class='ocrx_word' id='word_1_94' title='bbox 1370 1263 1479 1316; x_wconf 81' lang='lat' dir='ltr'>papyro</span> 
     </span>
     <span class='ocr_line' id='line_1_10' title="bbox 168 1323 1479 1398; baseline -0.001 -15"><span class='ocrx_word' id='word_1_95' title='bbox 168 1328 279 1398; x_wconf 84' lang='lat' dir='ltr'>magica</span> <span class='ocrx_word' id='word_1_96' title='bbox 303 1326 475 1396; x_wconf 88' lang='lat' dir='ltr'>appellatur:</span> <span class='ocrx_word' id='word_1_97' title='bbox 501 1326 590 1381; x_wconf 90' lang='lat' dir='ltr'>Wess.</span> <span class='ocrx_word' id='word_1_98' title='bbox 612 1325 657 1381; x_wconf 82' lang='lat' dir='ltr'>Gr.</span> <span class='ocrx_word' id='word_1_99' title='bbox 684 1326 735 1381; x_wconf 90' lang='lat' dir='ltr'>ZP.</span> <span class='ocrx_word' id='word_1_100' title='bbox 759 1345 786 1396; x_wconf 88' lang='lat' dir='ltr'>p.</span> <span class='ocrx_word' id='word_1_101' title='bbox 802 1333 845 1394; x_wconf 87' lang='grc'>67,</span> <span class='ocrx_word' id='word_1_102' title='bbox 866 1330 942 1379; x_wconf 87' lang='grc'>1443.</span> <span class='ocrx_word' id='word_1_103' title='bbox 964 1331 1046 1380; x_wconf 79' lang='lat'>1463:</span> <span class='ocrx_word' id='word_1_104' title='bbox 1063 1323 1151 1396; x_wconf 90' lang='grc' dir='ltr'><strong><em>Ἑρμῆ</em></strong></span> <span class='ocrx_word' id='word_1_105' title='bbox 1171 1324 1271 1397; x_wconf 80' lang='grc' dir='ltr'><strong><em>χθόνιε</em></strong></span> <span class='ocrx_word' id='word_1_106' title='bbox 1290 1327 1335 1396; x_wconf 87' lang='lat' dir='ltr'>(cf.</span> <span class='ocrx_word' id='word_1_107' title='bbox 1352 1333 1394 1394; x_wconf 79' lang='lat'>29,</span> <span class='ocrx_word' id='word_1_108' title='bbox 1414 1333 1479 1382; x_wconf 78' lang='lat'>3³8:</span> 
     </span>
     <span class='ocr_line' id='line_1_11' title="bbox 167 1405 1479 1478; baseline -0.003 -14"><span class='ocrx_word' id='word_1_109' title='bbox 167 1405 374 1478; x_wconf 73' lang='grc' dir='ltr'><strong><em>καταχθόνιος).</em></strong></span> <span class='ocrx_word' id='word_1_110' title='bbox 405 1406 524 1461; x_wconf 89' lang='lat' dir='ltr'>Omnino</span> <span class='ocrx_word' id='word_1_111' title='bbox 543 1405 705 1476; x_wconf 84' lang='lat' dir='ltr'>inmagicis</span> <span class='ocrx_word' id='word_1_112' title='bbox 720 1406 872 1476; x_wconf 90' lang='lat' dir='ltr'>plurimum</span> <span class='ocrx_word' id='word_1_113' title='bbox 886 1406 975 1461; x_wconf 85' lang='lat' dir='ltr'>valet:</span> <span class='ocrx_word' id='word_1_114' title='bbox 1001 1406 1035 1460; x_wconf 88' lang='lat' dir='ltr'>cf.</span> <span class='ocrx_word' id='word_1_115' title='bbox 1052 1407 1140 1461; x_wconf 85' lang='lat' dir='ltr'>Wess.</span> <span class='ocrx_word' id='word_1_116' title='bbox 1156 1406 1201 1460; x_wconf 82' lang='lat' dir='ltr'>Gr.</span> <span class='ocrx_word' id='word_1_117' title='bbox 1222 1407 1272 1462; x_wconf 85' lang='lat' dir='ltr'>ZP.</span> <span class='ocrx_word' id='word_1_118' title='bbox 1290 1412 1331 1474; x_wconf 87' lang='grc'>78,</span> <span class='ocrx_word' id='word_1_119' title='bbox 1351 1413 1479 1475; x_wconf 77' lang='lat' dir='ltr'>2288sq,</span> 
     </span>
     <span class='ocr_line' id='line_1_12' title="bbox 167 1484 1480 1558; baseline -0.001 -17"><span class='ocrx_word' id='word_1_120' title='bbox 167 1487 216 1542; x_wconf 91' lang='lat' dir='ltr'>ubi</span> <span class='ocrx_word' id='word_1_121' title='bbox 230 1486 391 1540; x_wconf 89' lang='lat' dir='ltr'>nominatur</span> <span class='ocrx_word' id='word_1_122' title='bbox 404 1485 519 1540; x_wconf 88' lang='grc' dir='ltr'><strong><em>πάντων</em></strong></span> <span class='ocrx_word' id='word_1_123' title='bbox 533 1484 629 1556; x_wconf 78' lang='grc' dir='ltr'><strong><em>μάγων</em></strong></span> <span class='ocrx_word' id='word_1_124' title='bbox 643 1486 805 1557; x_wconf 81' lang='grc' dir='ltr'><strong><em>ἀρχῆγενής,</em></strong></span> <span class='ocrx_word' id='word_1_125' title='bbox 835 1486 930 1556; x_wconf 56' lang='grc' dir='ltr'>(βοά</span> <span class='ocrx_word' id='word_1_126' title='bbox 943 1486 1012 1540; x_wconf 81' lang='lat' dir='ltr'>aller</span> <span class='ocrx_word' id='word_1_127' title='bbox 1024 1487 1316 1558; x_wconf 80' lang='lat' dir='ltr'>Toteabescbwdraap“</span> <span class='ocrx_word' id='word_1_128' title='bbox 1336 1485 1480 1540; x_wconf 89' lang='lat' dir='ltr'>Dieterich</span> 
     </span>
     <span class='ocr_line' id='line_1_13' title="bbox 168 1563 1479 1636; baseline -0.001 -15"><span class='ocrx_word' id='word_1_129' title='bbox 168 1568 293 1621; x_wconf 84' lang='lat' dir='ltr'>Abraxas</span> <span class='ocrx_word' id='word_1_130' title='bbox 316 1585 343 1636; x_wconf 89' lang='lat' dir='ltr'>p.</span> <span class='ocrx_word' id='word_1_131' title='bbox 360 1568 413 1635; x_wconf 95' lang='grc'>66.)</span> <span class='ocrx_word' id='word_1_132' title='bbox 446 1565 561 1635; x_wconf 81' lang='lat' dir='ltr'>Effigies</span> <span class='ocrx_word' id='word_1_133' title='bbox 586 1565 645 1620; x_wconf 92' lang='lat' dir='ltr'>eius</span> <span class='ocrx_word' id='word_1_134' title='bbox 671 1565 727 1619; x_wconf 92' lang='lat' dir='ltr'>vim</span> <span class='ocrx_word' id='word_1_135' title='bbox 750 1566 891 1636; x_wconf 78' lang='lat' dir='ltr'><strong>magicam</strong></span> <span class='ocrx_word' id='word_1_136' title='bbox 914 1567 1053 1634; x_wconf 89' lang='lat' dir='ltr'>praestat:</span> <span class='ocrx_word' id='word_1_137' title='bbox 1072 1563 1179 1621; x_wconf 84' lang='grc' dir='ltr'><strong><em>πλάσον</em></strong></span> <span class='ocrx_word' id='word_1_138' title='bbox 1199 1563 1305 1636; x_wconf 90' lang='grc' dir='ltr'><strong><em>Ἑρμῆν</em></strong></span> <span class='ocrx_word' id='word_1_139' title='bbox 1323 1567 1413 1620; x_wconf 90' lang='lat' dir='ltr'>Wess.</span> <span class='ocrx_word' id='word_1_140' title='bbox 1433 1565 1479 1620; x_wconf 81' lang='lat' dir='ltr'>Gr.</span> 
     </span>
     <span class='ocr_line' id='line_1_14' title="bbox 168 1645 1479 1716; baseline -0.001 -15"><span class='ocrx_word' id='word_1_141' title='bbox 168 1648 218 1702; x_wconf 91' lang='lat' dir='ltr'>ZP.</span> <span class='ocrx_word' id='word_1_142' title='bbox 240 1653 282 1714; x_wconf 97' lang='grc'>79,</span> <span class='ocrx_word' id='word_1_143' title='bbox 301 1652 379 1701; x_wconf 79' lang='lat'>2361.</span> <span class='ocrx_word' id='word_1_144' title='bbox 400 1645 476 1699; x_wconf 86' lang='lat' dir='ltr'>idem</span> <span class='ocrx_word' id='word_1_145' title='bbox 493 1663 520 1714; x_wconf 91' lang='lat' dir='ltr'>p.</span> <span class='ocrx_word' id='word_1_146' title='bbox 538 1652 597 1713; x_wconf 84' lang='lat'>113,</span> <span class='ocrx_word' id='word_1_147' title='bbox 618 1652 669 1700; x_wconf 77' lang='lat'>392</span> <span class='ocrx_word' id='word_1_148' title='bbox 688 1673 722 1692; x_wconf 97' lang='lat'>=</span> <span class='ocrx_word' id='word_1_149' title='bbox 741 1647 859 1716; x_wconf 88' lang='lat' dir='ltr'>Kenyon</span> <span class='ocrx_word' id='word_1_150' title='bbox 879 1645 924 1699; x_wconf 83' lang='lat' dir='ltr'>Gr.</span> <span class='ocrx_word' id='word_1_151' title='bbox 939 1646 1007 1713; x_wconf 90' lang='lat' dir='ltr'>Pap.</span> <span class='ocrx_word' id='word_1_152' title='bbox 1027 1664 1054 1714; x_wconf 82' lang='lat' dir='ltr'>p.</span> <span class='ocrx_word' id='word_1_153' title='bbox 1072 1651 1113 1712; x_wconf 91' lang='grc'>77,</span> <span class='ocrx_word' id='word_1_154' title='bbox 1133 1651 1184 1699; x_wconf 86' lang='grc'>378</span> <span class='ocrx_word' id='word_1_155' title='bbox 1205 1645 1264 1716; x_wconf 89' lang='lat' dir='ltr'>(qui</span> <span class='ocrx_word' id='word_1_156' title='bbox 1282 1645 1354 1716; x_wconf 85' lang='lat' dir='ltr'>legit</span> <span class='ocrx_word' id='word_1_157' title='bbox 1367 1645 1479 1715; x_wconf 70' lang='lat' dir='ltr'>ciclopes</span> 
     </span>
     <span class='ocr_line' id='line_1_15' title="bbox 164 1724 1478 1797; baseline -0.002 -15"><span class='ocrx_word' id='word_1_158' title='bbox 164 1727 269 1796; x_wconf 85' lang='grc' dir='ltr'><strong><em>Ἑρμοῦ</em></strong></span> <span class='ocrx_word' id='word_1_159' title='bbox 295 1743 386 1795; x_wconf 87' lang='lat' dir='ltr'>neque</span> <span class='ocrx_word' id='word_1_160' title='bbox 409 1724 552 1797; x_wconf 69' lang='lat' dir='ltr'>intellegit</span> <span class='ocrx_word' id='word_1_161' title='bbox 574 1726 771 1796; x_wconf 89' lang='lat' dir='ltr'>Wessclyum).</span> <span class='ocrx_word' id='word_1_162' title='bbox 810 1726 844 1781; x_wconf 86' lang='lat' dir='ltr'>cf.</span> <span class='ocrx_word' id='word_1_163' title='bbox 864 1726 954 1780; x_wconf 88' lang='lat' dir='ltr'>Wess.</span> <span class='ocrx_word' id='word_1_164' title='bbox 978 1726 1057 1780; x_wconf 90' lang='lat' dir='ltr'>Neue</span> <span class='ocrx_word' id='word_1_165' title='bbox 1077 1726 1122 1781; x_wconf 83' lang='lat' dir='ltr'>Gr.</span> <span class='ocrx_word' id='word_1_166' title='bbox 1143 1726 1194 1779; x_wconf 89' lang='lat' dir='ltr'>ZP.</span> <span class='ocrx_word' id='word_1_167' title='bbox 1214 1745 1241 1795; x_wconf 89' lang='lat' dir='ltr'>p.</span> <span class='ocrx_word' id='word_1_168' title='bbox 1258 1730 1300 1794; x_wconf 89' lang='grc'>66,</span> <span class='ocrx_word' id='word_1_169' title='bbox 1320 1731 1354 1780; x_wconf 87' lang='grc'>66</span> <span class='ocrx_word' id='word_1_170' title='bbox 1365 1744 1424 1794; x_wconf 90' lang='lat' dir='ltr'>sqq.</span> <span class='ocrx_word' id='word_1_171' title='bbox 1445 1754 1478 1773; x_wconf 94' lang='lat'><em>=</em></span> 
     </span>
     <span class='ocr_line' id='line_1_16' title="bbox 164 1804 1479 1877; baseline -0.001 -15"><span class='ocrx_word' id='word_1_172' title='bbox 164 1809 283 1877; x_wconf 89' lang='lat' dir='ltr'>Kcnyon</span> <span class='ocrx_word' id='word_1_173' title='bbox 308 1812 368 1874; x_wconf 90' lang='grc'>118,</span> <span class='ocrx_word' id='word_1_174' title='bbox 392 1811 426 1860; x_wconf 90' lang='grc'>64</span> <span class='ocrx_word' id='word_1_175' title='bbox 436 1823 496 1875; x_wconf 91' lang='lat' dir='ltr'>sqq.</span> <span class='ocrx_word' id='word_1_176' title='bbox 535 1805 587 1876; x_wconf 75' lang='grc' dir='ltr'>ἐγώ</span> <span class='ocrx_word' id='word_1_177' title='bbox 607 1807 663 1875; x_wconf 87' lang='grc' dir='ltr'><strong><em>είμι</em></strong></span> <span class='ocrx_word' id='word_1_178' title='bbox 679 1804 783 1877; x_wconf 85' lang='grc' dir='ltr'><strong><em>Ἑρμῆς</em></strong></span> <span class='ocrx_word' id='word_1_179' title='bbox 800 1805 882 1876; x_wconf 86' lang='lat' dir='ltr'>quasi</span> <span class='ocrx_word' id='word_1_180' title='bbox 900 1806 1020 1860; x_wconf 87' lang='lat' dir='ltr'>formula</span> <span class='ocrx_word' id='word_1_181' title='bbox 1039 1805 1163 1876; x_wconf 81' lang='lat' dir='ltr'>magica:</span> <span class='ocrx_word' id='word_1_182' title='bbox 1189 1807 1279 1862; x_wconf 86' lang='lat' dir='ltr'>Wess.</span> <span class='ocrx_word' id='word_1_183' title='bbox 1300 1805 1345 1860; x_wconf 82' lang='lat' dir='ltr'>Gr.</span> <span class='ocrx_word' id='word_1_184' title='bbox 1366 1807 1416 1862; x_wconf 89' lang='lat' dir='ltr'>ZP.</span> <span class='ocrx_word' id='word_1_185' title='bbox 1436 1813 1479 1874; x_wconf 89' lang='grc'>96,</span> 
     </span>
     <span class='ocr_line' id='line_1_17' title="bbox 166 1884 1480 1955; baseline -0.002 -13"><span class='ocrx_word' id='word_1_186' title='bbox 166 1893 243 1942; x_wconf 78' lang='grc'>9999.</span> <span class='ocrx_word' id='word_1_187' title='bbox 272 1885 425 1940; x_wconf 90' lang='lat' dir='ltr'>Divinandi</span> <span class='ocrx_word' id='word_1_188' title='bbox 444 1902 557 1955; x_wconf 86' lang='lat' dir='ltr'>quoque</span> <span class='ocrx_word' id='word_1_189' title='bbox 572 1885 613 1940; x_wconf 91' lang='lat' dir='ltr'>vis</span> <span class='ocrx_word' id='word_1_190' title='bbox 632 1888 771 1954; x_wconf 84' lang='lat' dir='ltr'>quaedam</span> <span class='ocrx_word' id='word_1_191' title='bbox 789 1886 864 1941; x_wconf 87' lang='lat' dir='ltr'>inest</span> <span class='ocrx_word' id='word_1_192' title='bbox 882 1884 1028 1952; x_wconf 88' lang='lat' dir='ltr'>Mercuri0,</span> <span class='ocrx_word' id='word_1_193' title='bbox 1047 1885 1077 1938; x_wconf 92' lang='lat' dir='ltr'>in</span> <span class='ocrx_word' id='word_1_194' title='bbox 1095 1885 1308 1955; x_wconf 87' lang='lat' dir='ltr'>lychnomantia</span> <span class='ocrx_word' id='word_1_195' title='bbox 1326 1886 1480 1941; x_wconf 78' lang='lat' dir='ltr'>advocatur</span> 
     </span>
     <span class='ocr_line' id='line_1_18' title="bbox 166 1962 1478 2037; baseline -0.001 -15"><span class='ocrx_word' id='word_1_196' title='bbox 166 1965 346 2037; x_wconf 77' lang='grc' dir='ltr'><strong><em>ὁτρισμέφας</em></strong></span> <span class='ocrx_word' id='word_1_197' title='bbox 369 1966 413 2037; x_wconf 85' lang='lat' dir='ltr'>(cf.</span> <span class='ocrx_word' id='word_1_198' title='bbox 438 1962 625 2036; x_wconf 80' lang='grc' dir='ltr'><strong><em>τρισμίχιστος</em></strong></span> <span class='ocrx_word' id='word_1_199' title='bbox 643 1965 732 2020; x_wconf 86' lang='lat' dir='ltr'>Wess.</span> <span class='ocrx_word' id='word_1_200' title='bbox 754 1965 800 2022; x_wconf 82' lang='lat' dir='ltr'>Gr.</span> <span class='ocrx_word' id='word_1_201' title='bbox 821 1965 871 2020; x_wconf 84' lang='lat' dir='ltr'>ZP.</span> <span class='ocrx_word' id='word_1_202' title='bbox 892 1971 935 2033; x_wconf 91' lang='grc'>43,</span> <span class='ocrx_word' id='word_1_203' title='bbox 956 1967 1018 2035; x_wconf 90' lang='grc'>886)</span> <span class='ocrx_word' id='word_1_204' title='bbox 1033 1963 1138 2035; x_wconf 85' lang='grc' dir='ltr'><strong><em>Ἑρμῆς</em></strong></span> <span class='ocrx_word' id='word_1_205' title='bbox 1155 1966 1245 2021; x_wconf 88' lang='lat' dir='ltr'>Wess.</span> <span class='ocrx_word' id='word_1_206' title='bbox 1265 1966 1343 2020; x_wconf 88' lang='lat' dir='ltr'>Neue</span> <span class='ocrx_word' id='word_1_207' title='bbox 1363 1965 1408 2020; x_wconf 81' lang='lat' dir='ltr'>Gr.</span> <span class='ocrx_word' id='word_1_208' title='bbox 1428 1967 1478 2022; x_wconf 89' lang='grc' dir='ltr'>ΖΡ,</span> 
     </span>
     <span class='ocr_line' id='line_1_19' title="bbox 166 2044 1480 2117; baseline 0.001 -17"><span class='ocrx_word' id='word_1_209' title='bbox 166 2053 209 2114; x_wconf 93' lang='grc'>38,</span> <span class='ocrx_word' id='word_1_210' title='bbox 233 2052 285 2101; x_wconf 87' lang='grc'>660</span> <span class='ocrx_word' id='word_1_211' title='bbox 310 2072 343 2092; x_wconf 96' lang='lat'>=</span> <span class='ocrx_word' id='word_1_212' title='bbox 366 2045 485 2114; x_wconf 88' lang='lat' dir='ltr'>Kenyon</span> <span class='ocrx_word' id='word_1_213' title='bbox 508 2063 534 2114; x_wconf 91' lang='lat' dir='ltr'>p.</span> <span class='ocrx_word' id='word_1_214' title='bbox 552 2049 616 2111; x_wconf 88' lang='grc'>101,</span> <span class='ocrx_word' id='word_1_215' title='bbox 637 2050 696 2100; x_wconf 87' lang='grc'>661.</span> <span class='ocrx_word' id='word_1_216' title='bbox 734 2045 861 2114; x_wconf 90' lang='lat' dir='ltr'>Denique</span> <span class='ocrx_word' id='word_1_217' title='bbox 885 2049 917 2099; x_wconf 90' lang='lat' dir='ltr'>ut</span> <span class='ocrx_word' id='word_1_218' title='bbox 943 2044 1112 2099; x_wconf 86' lang='lat' dir='ltr'>somniorum</span> <span class='ocrx_word' id='word_1_219' title='bbox 1137 2046 1193 2099; x_wconf 89' lang='lat' dir='ltr'>dux</span> <span class='ocrx_word' id='word_1_220' title='bbox 1212 2044 1331 2117; x_wconf 79' lang='grc' dir='ltr'><strong><em>(ὴχήτωρ</em></strong></span> <span class='ocrx_word' id='word_1_221' title='bbox 1364 2044 1480 2115; x_wconf 84' lang='grc' dir='ltr'><strong><em>ὀνείρων</em></strong></span> 
     </span>
     <span class='ocr_line' id='line_1_20' title="bbox 165 2125 1479 2197; baseline -0.001 -16"><span class='ocrx_word' id='word_1_222' title='bbox 165 2129 283 2181; x_wconf 91' lang='lat' dir='ltr'>vocatur</span> <span class='ocrx_word' id='word_1_223' title='bbox 306 2125 363 2180; x_wconf 89' lang='lat' dir='ltr'>iam</span> <span class='ocrx_word' id='word_1_224' title='bbox 386 2125 416 2179; x_wconf 91' lang='lat' dir='ltr'>iu</span> <span class='ocrx_word' id='word_1_225' title='bbox 439 2125 542 2194; x_wconf 82' lang='lat' dir='ltr'>hymno</span> <span class='ocrx_word' id='word_1_226' title='bbox 566 2125 713 2179; x_wconf 91' lang='lat' dir='ltr'>Homerico</span> <span class='ocrx_word' id='word_1_227' title='bbox 732 2125 770 2178; x_wconf 87' lang='lat'>111</span> <span class='ocrx_word' id='word_1_228' title='bbox 796 2131 842 2194; x_wconf 78' lang='lat'>14,</span> <span class='ocrx_word' id='word_1_229' title='bbox 874 2126 908 2180; x_wconf 89' lang='lat' dir='ltr'>cf.</span> <span class='ocrx_word' id='word_1_230' title='bbox 928 2125 1071 2180; x_wconf 88' lang='lat' dir='ltr'>Dieterich</span> <span class='ocrx_word' id='word_1_231' title='bbox 1090 2127 1192 2181; x_wconf 82' lang='lat' dir='ltr'>Abrax.</span> <span class='ocrx_word' id='word_1_232' title='bbox 1212 2146 1239 2196; x_wconf 84' lang='lat' dir='ltr'>p.</span> <span class='ocrx_word' id='word_1_233' title='bbox 1255 2132 1289 2181; x_wconf 93' lang='grc'>66</span> <span class='ocrx_word' id='word_1_234' title='bbox 1308 2127 1371 2181; x_wconf 89' lang='lat' dir='ltr'>adn.</span> <span class='ocrx_word' id='word_1_235' title='bbox 1388 2127 1424 2180; x_wconf 92' lang='lat' dir='ltr'>ad</span> <span class='ocrx_word' id='word_1_236' title='bbox 1444 2130 1479 2197; x_wconf 88' lang='grc'>8),</span> 
     </span>
     <span class='ocr_line' id='line_1_21' title="bbox 165 2203 1480 2284; baseline 0 -24"><span class='ocrx_word' id='word_1_237' title='bbox 165 2206 196 2260; x_wconf 91' lang='lat' dir='ltr'>id</span> <span class='ocrx_word' id='word_1_238' title='bbox 214 2207 290 2274; x_wconf 88' lang='lat' dir='ltr'>quod</span> <span class='ocrx_word' id='word_1_239' title='bbox 309 2206 347 2258; x_wconf 92' lang='lat' dir='ltr'>ad</span> <span class='ocrx_word' id='word_1_240' title='bbox 365 2222 415 2258; x_wconf 92' lang='lat' dir='ltr'>nos</span> <span class='ocrx_word' id='word_1_241' title='bbox 439 2203 560 2258; x_wconf 83' lang='lat' dir='ltr'>maxime</span> <span class='ocrx_word' id='word_1_242' title='bbox 580 2204 692 2272; x_wconf 79' lang='lat' dir='ltr'>attinet,</span> <span class='ocrx_word' id='word_1_243' title='bbox 715 2205 746 2259; x_wconf 92' lang='lat' dir='ltr'>in</span> <span class='ocrx_word' id='word_1_244' title='bbox 765 2205 938 2260; x_wconf 87' lang='lat' dir='ltr'>divinatione</span> <span class='ocrx_word' id='word_1_245' title='bbox 956 2223 1007 2275; x_wconf 91' lang='lat' dir='ltr'>per</span> <span class='ocrx_word' id='word_1_246' title='bbox 1026 2223 1154 2260; x_wconf 91' lang='lat' dir='ltr'>somnum</span> <span class='ocrx_word' id='word_1_247' title='bbox 1173 2207 1327 2260; x_wconf 90' lang='lat' dir='ltr'>exercenda</span> <span class='ocrx_word' id='word_1_248' title='bbox 1346 2206 1480 2284; x_wconf 76' lang='lat' dir='ltr'>occurrit3</span> 
     </span>
     <span class='ocr_line' id='line_1_22' title="bbox 165 2284 1479 2358; baseline 0 -18"><span class='ocrx_word' id='word_1_249' title='bbox 165 2305 189 2340; x_wconf 87' lang='lat' dir='ltr'>v.</span> <span class='ocrx_word' id='word_1_250' title='bbox 205 2284 348 2341; x_wconf 88' lang='lat' dir='ltr'>Dieterich</span> <span class='ocrx_word' id='word_1_251' title='bbox 362 2285 430 2354; x_wconf 91' lang='lat' dir='ltr'>Pap.</span> <span class='ocrx_word' id='word_1_252' title='bbox 446 2301 519 2353; x_wconf 84' lang='lat' dir='ltr'>mag.</span> <span class='ocrx_word' id='word_1_253' title='bbox 535 2303 561 2353; x_wconf 90' lang='lat' dir='ltr'>p.</span> <span class='ocrx_word' id='word_1_254' title='bbox 578 2290 630 2338; x_wconf 76' lang='lat'>802</span> <span class='ocrx_word' id='word_1_255' title='bbox 649 2285 675 2338; x_wconf 92' lang='lat' dir='ltr'><strong>V</strong></span> <span class='ocrx_word' id='word_1_256' title='bbox 689 2292 718 2340; x_wconf 78' lang='lat'>5:</span> <span class='ocrx_word' id='word_1_257' title='bbox 747 2284 860 2356; x_wconf 74' lang='grc' dir='ltr'><strong><em>γράψον</em></strong></span> <span class='ocrx_word' id='word_1_258' title='bbox 880 2287 919 2349; x_wconf 83' lang='grc' dir='ltr'><strong><em>εἰς</em></strong></span> <span class='ocrx_word' id='word_1_259' title='bbox 932 2287 1064 2357; x_wconf 81' lang='grc' dir='ltr'><strong><em>βύσσινον</em></strong></span> <span class='ocrx_word' id='word_1_260' title='bbox 1079 2284 1165 2356; x_wconf 75' lang='grc' dir='ltr'><strong><em>όάκος</em></strong></span> <span class='ocrx_word' id='word_1_261' title='bbox 1181 2331 1185 2340; x_wconf 97' lang='grc'>.</span> <span class='ocrx_word' id='word_1_262' title='bbox 1204 2331 1208 2340; x_wconf 97' lang='grc'>.</span> <span class='ocrx_word' id='word_1_263' title='bbox 1226 2331 1230 2340; x_wconf 95' lang='grc'>.</span> <span class='ocrx_word' id='word_1_264' title='bbox 1251 2287 1322 2341; x_wconf 79' lang='grc' dir='ltr'><strong><em>θεὸν</em></strong></span> <span class='ocrx_word' id='word_1_265' title='bbox 1342 2284 1479 2358; x_wconf 89' lang='grc' dir='ltr'><strong><em>[Ἑρμ]ῆν.</em></strong></span> 
     </span>
     <span class='ocr_line' id='line_1_23' title="bbox 166 2361 1478 2434; baseline 0.001 -15"><span class='ocrx_word' id='word_1_266' title='bbox 166 2365 332 2420; x_wconf 75' lang='lat' dir='ltr'>inscribitur</span> <span class='ocrx_word' id='word_1_267' title='bbox 345 2364 370 2420; x_wconf 90' lang='lat' dir='ltr'><strong>V</strong></span> <span class='ocrx_word' id='word_1_268' title='bbox 384 2372 413 2420; x_wconf 77' lang='lat'>4:</span> <span class='ocrx_word' id='word_1_269' title='bbox 439 2361 565 2432; x_wconf 87' lang='grc' dir='ltr'><strong><em>Ὀνείρου</em></strong></span> <span class='ocrx_word' id='word_1_270' title='bbox 580 2363 694 2434; x_wconf 78' lang='grc' dir='ltr'><strong><em>αίτῆσις.</em></strong></span> <span class='ocrx_word' id='word_1_271' title='bbox 733 2365 767 2420; x_wconf 91' lang='lat' dir='ltr'>cf.</span> <span class='ocrx_word' id='word_1_272' title='bbox 783 2384 808 2419; x_wconf 94' lang='lat' dir='ltr'>v.</span> <span class='ocrx_word' id='word_1_273' title='bbox 824 2371 852 2421; x_wconf 88' lang='lat'>8:</span> <span class='ocrx_word' id='word_1_274' title='bbox 872 2365 963 2431; x_wconf 77' lang='grc' dir='ltr'><strong><em>δεῖξαί</em></strong></span> <span class='ocrx_word' id='word_1_275' title='bbox 981 2386 1028 2434; x_wconf 94' lang='grc' dir='ltr'>μοι</span> <span class='ocrx_word' id='word_1_276' title='bbox 1047 2362 1117 2419; x_wconf 78' lang='grc' dir='ltr'><strong><em>καθ’</em></strong></span> <span class='ocrx_word' id='word_1_277' title='bbox 1139 2364 1245 2429; x_wconf 74' lang='grc' dir='ltr'><strong><em>ὕπνους</em></strong></span> <span class='ocrx_word' id='word_1_278' title='bbox 1262 2363 1334 2420; x_wconf 81' lang='grc' dir='ltr'><strong><em>τόδε.</em></strong></span> <span class='ocrx_word' id='word_1_279' title='bbox 1363 2366 1478 2431; x_wconf 88' lang='lat' dir='ltr'>Maioris</span> 
     </span>
     <span class='ocr_line' id='line_1_24' title="bbox 166 2444 1478 2516; baseline -0.003 -14"><span class='ocrx_word' id='word_1_280' title='bbox 166 2450 261 2502; x_wconf 88' lang='lat' dir='ltr'>tamen</span> <span class='ocrx_word' id='word_1_281' title='bbox 285 2444 419 2499; x_wconf 88' lang='lat' dir='ltr'>momenti</span> <span class='ocrx_word' id='word_1_282' title='bbox 446 2461 542 2498; x_wconf 87' lang='lat' dir='ltr'>versus</span> <span class='ocrx_word' id='word_1_283' title='bbox 570 2448 636 2498; x_wconf 90' lang='lat' dir='ltr'>sunt</span> <span class='ocrx_word' id='word_1_284' title='bbox 659 2447 729 2512; x_wconf 88' lang='lat' dir='ltr'>tres,</span> <span class='ocrx_word' id='word_1_285' title='bbox 757 2444 859 2514; x_wconf 90' lang='lat' dir='ltr'>quiin</span> <span class='ocrx_word' id='word_1_286' title='bbox 881 2445 1014 2499; x_wconf 84' lang='lat' dir='ltr'>Mercurii</span> <span class='ocrx_word' id='word_1_287' title='bbox 1037 2447 1141 2515; x_wconf 83' lang='lat' dir='ltr'>hymno</span> <span class='ocrx_word' id='word_1_288' title='bbox 1164 2446 1297 2516; x_wconf 86' lang='lat' dir='ltr'>leguntur</span> <span class='ocrx_word' id='word_1_289' title='bbox 1319 2445 1478 2516; x_wconf 79' lang='lat' dir='ltr'>praeceptis</span> 
     </span>
     <span class='ocr_line' id='line_1_25' title="bbox 166 2524 1476 2596; baseline 0.001 -17"><span class='ocrx_word' id='word_1_290' title='bbox 166 2525 285 2596; x_wconf 88' lang='lat' dir='ltr'>magicis</span> <span class='ocrx_word' id='word_1_291' title='bbox 309 2524 415 2579; x_wconf 90' lang='lat' dir='ltr'>inserto</span> <span class='ocrx_word' id='word_1_292' title='bbox 435 2542 497 2579; x_wconf 90' lang='lat' dir='ltr'>cum</span> <span class='ocrx_word' id='word_1_293' title='bbox 521 2525 597 2593; x_wconf 91' lang='lat' dir='ltr'>apud</span> <span class='ocrx_word' id='word_1_294' title='bbox 621 2525 710 2579; x_wconf 89' lang='lat' dir='ltr'>Wess.</span> <span class='ocrx_word' id='word_1_295' title='bbox 736 2525 781 2580; x_wconf 85' lang='lat' dir='ltr'>Gr.</span> <span class='ocrx_word' id='word_1_296' title='bbox 802 2524 852 2580; x_wconf 90' lang='lat' dir='ltr'>ZP.</span> <span class='ocrx_word' id='word_1_297' title='bbox 874 2531 937 2593; x_wconf 87' lang='lat'>113,</span> <span class='ocrx_word' id='word_1_298' title='bbox 957 2531 1009 2579; x_wconf 80' lang='grc'>494</span> <span class='ocrx_word' id='word_1_299' title='bbox 1020 2543 1080 2594; x_wconf 84' lang='lat' dir='ltr'>sqq.</span> <span class='ocrx_word' id='word_1_300' title='bbox 1100 2553 1133 2571; x_wconf 96' lang='lat'>=</span> <span class='ocrx_word' id='word_1_301' title='bbox 1152 2526 1270 2595; x_wconf 88' lang='lat' dir='ltr'>Kcnyon</span> <span class='ocrx_word' id='word_1_302' title='bbox 1290 2530 1335 2591; x_wconf 82' lang='lat'>78,</span> <span class='ocrx_word' id='word_1_303' title='bbox 1354 2531 1407 2579; x_wconf 94' lang='grc'>410</span> <span class='ocrx_word' id='word_1_304' title='bbox 1418 2543 1476 2593; x_wconf 87' lang='lat' dir='ltr'>sqq.</span> 
     </span>
     <span class='ocr_line' id='line_1_26' title="bbox 167 2604 1479 2676; baseline 0 -17"><span class='ocrx_word' id='word_1_305' title='bbox 167 2609 229 2660; x_wconf 91' lang='lat' dir='ltr'>tum</span> <span class='ocrx_word' id='word_1_306' title='bbox 248 2605 278 2659; x_wconf 90' lang='lat' dir='ltr'>in</span> <span class='ocrx_word' id='word_1_307' title='bbox 304 2604 499 2659; x_wconf 83' lang='lat' dir='ltr'>‘oneiraeteto’</span> <span class='ocrx_word' id='word_1_308' title='bbox 520 2605 651 2672; x_wconf 90' lang='lat' dir='ltr'>quodam,</span> <span class='ocrx_word' id='word_1_309' title='bbox 671 2606 706 2659; x_wconf 91' lang='lat' dir='ltr'>de</span> <span class='ocrx_word' id='word_1_310' title='bbox 730 2622 785 2675; x_wconf 91' lang='lat' dir='ltr'>quo</span> <span class='ocrx_word' id='word_1_311' title='bbox 808 2605 882 2660; x_wconf 85' lang='lat' dir='ltr'>infra</span> <span class='ocrx_word' id='word_1_312' title='bbox 902 2609 938 2676; x_wconf 92' lang='lat' dir='ltr'>(p.</span> <span class='ocrx_word' id='word_1_313' title='bbox 954 2607 998 2675; x_wconf 83' lang='lat'>34)</span> <span class='ocrx_word' id='word_1_314' title='bbox 1022 2605 1104 2674; x_wconf 89' lang='lat' dir='ltr'>plura</span> <span class='ocrx_word' id='word_1_315' title='bbox 1128 2605 1266 2673; x_wconf 89' lang='lat' dir='ltr'>dicemus,</span> <span class='ocrx_word' id='word_1_316' title='bbox 1291 2606 1381 2661; x_wconf 89' lang='lat' dir='ltr'>Wess.</span> <span class='ocrx_word' id='word_1_317' title='bbox 1401 2605 1479 2659; x_wconf 85' lang='lat' dir='ltr'>Neue</span> 
     </span>
     <span class='ocr_line' id='line_1_27' title="bbox 167 2685 1478 2756; baseline 0.001 -17"><span class='ocrx_word' id='word_1_318' title='bbox 167 2686 212 2741; x_wconf 88' lang='lat' dir='ltr'>Gr.</span> <span class='ocrx_word' id='word_1_319' title='bbox 232 2686 283 2740; x_wconf 92' lang='lat' dir='ltr'>ZP.</span> <span class='ocrx_word' id='word_1_320' title='bbox 303 2691 347 2753; x_wconf 87' lang='grc'>46,</span> <span class='ocrx_word' id='word_1_321' title='bbox 363 2691 412 2739; x_wconf 91' lang='grc'>741</span> <span class='ocrx_word' id='word_1_322' title='bbox 423 2702 481 2754; x_wconf 89' lang='lat' dir='ltr'>sqq.</span> <span class='ocrx_word' id='word_1_323' title='bbox 498 2712 532 2731; x_wconf 91' lang='lat'>=</span> <span class='ocrx_word' id='word_1_324' title='bbox 546 2685 664 2754; x_wconf 91' lang='lat' dir='ltr'>Kenyon</span> <span class='ocrx_word' id='word_1_325' title='bbox 683 2692 742 2753; x_wconf 86' lang='grc'>106,</span> <span class='ocrx_word' id='word_1_326' title='bbox 756 2691 807 2739; x_wconf 87' lang='grc'>676</span> <span class='ocrx_word' id='word_1_327' title='bbox 816 2704 876 2755; x_wconf 86' lang='lat' dir='ltr'>sqq.</span> <span class='ocrx_word' id='word_1_328' title='bbox 904 2687 1031 2755; x_wconf 81' lang='lat' dir='ltr'>Hymnus</span> <span class='ocrx_word' id='word_1_329' title='bbox 1046 2702 1064 2738; x_wconf 91' lang='lat' dir='ltr'>a</span> <span class='ocrx_word' id='word_1_330' title='bbox 1078 2686 1224 2756; x_wconf 86' lang='lat' dir='ltr'>Wesselyo</span> <span class='ocrx_word' id='word_1_331' title='bbox 1240 2685 1285 2741; x_wconf 81' lang='lat' dir='ltr'>Gr.</span> <span class='ocrx_word' id='word_1_332' title='bbox 1301 2686 1351 2740; x_wconf 90' lang='lat' dir='ltr'>ZP.</span> <span class='ocrx_word' id='word_1_333' title='bbox 1371 2704 1398 2754; x_wconf 85' lang='lat' dir='ltr'>p.</span> <span class='ocrx_word' id='word_1_334' title='bbox 1414 2692 1478 2754; x_wconf 72' lang='lat' dir='ltr'>leq.</span> 
     </span>
     <span class='ocr_line' id='line_1_28' title="bbox 164 2764 1476 2837; baseline 0.002 -19"><span class='ocrx_word' id='word_1_335' title='bbox 164 2765 313 2820; x_wconf 88' lang='lat' dir='ltr'>restitutus</span> <span class='ocrx_word' id='word_1_336' title='bbox 332 2766 408 2835; x_wconf 91' lang='lat' dir='ltr'>apud</span> <span class='ocrx_word' id='word_1_337' title='bbox 426 2764 620 2819; x_wconf 86' lang='lat' dir='ltr'>Dieterichum</span> <span class='ocrx_word' id='word_1_338' title='bbox 638 2782 750 2835; x_wconf 91' lang='lat' dir='ltr'>quoque</span> <span class='ocrx_word' id='word_1_339' title='bbox 768 2764 909 2821; x_wconf 90' lang='lat' dir='ltr'>invenitur</span> <span class='ocrx_word' id='word_1_340' title='bbox 928 2766 1042 2837; x_wconf 86' lang='lat' dir='ltr'>(Abrax.</span> <span class='ocrx_word' id='word_1_341' title='bbox 1063 2769 1116 2836; x_wconf 90' lang='grc'>64).</span> <span class='ocrx_word' id='word_1_342' title='bbox 1145 2767 1248 2821; x_wconf 86' lang='lat' dir='ltr'>Versus</span> <span class='ocrx_word' id='word_1_343' title='bbox 1268 2765 1476 2821; x_wconf 77' lang='lat' dir='ltr'>commemorat</span> 
     </span>
     <span class='ocr_line' id='line_1_29' title="bbox 165 2847 461 2916; baseline 0.003 -17"><span class='ocrx_word' id='word_1_344' title='bbox 165 2847 297 2916; x_wconf 82' lang='lat' dir='ltr'>leguntur</span> <span class='ocrx_word' id='word_1_345' title='bbox 315 2864 340 2901; x_wconf 96' lang='lat' dir='ltr'>v.</span> <span class='ocrx_word' id='word_1_346' title='bbox 361 2851 461 2915; x_wconf 87' lang='lat' dir='ltr'>8sqq.:</span> 
     </span>
    </p>
   </div>
   <div class='ocr_carea' id='block_1_4' title="bbox 410 2969 1248 3201">
    <p class='ocr_par' dir='ltr' id='par_1_4' title="bbox 410 2969 1248 3201">
     <span class='ocr_line' id='line_1_30' title="bbox 410 2969 1235 3042; baseline 0 -18"><span class='ocrx_word' id='word_1_347' title='bbox 410 2975 529 3038; x_wconf 84' lang='grc' dir='ltr'><strong><em>Μοιρῶν</em></strong></span> <span class='ocrx_word' id='word_1_348' title='bbox 547 2971 765 3041; x_wconf 82' lang='grc' dir='ltr'><strong><em>προχυώστῆς</em></strong></span> <span class='ocrx_word' id='word_1_349' title='bbox 783 2972 816 3025; x_wconf 80' lang='lat' dir='ltr'>ab</span> <span class='ocrx_word' id='word_1_350' title='bbox 834 2969 898 3042; x_wconf 78' lang='grc' dir='ltr'><strong><em>λέχη</em></strong></span> <span class='ocrx_word' id='word_1_351' title='bbox 917 2973 965 3026; x_wconf 89' lang='grc' dir='ltr'><strong><em>καί</em></strong></span> <span class='ocrx_word' id='word_1_352' title='bbox 983 2975 1082 3035; x_wconf 73' lang='grc' dir='ltr'><strong><em>θεῖος</em></strong></span> <span class='ocrx_word' id='word_1_353' title='bbox 1100 2970 1235 3038; x_wconf 79' lang='grc' dir='ltr'><strong><em>ὄνειρος</em></strong></span> 
     </span>
     <span class='ocr_line' id='line_1_31' title="bbox 411 3048 1248 3120; baseline 0.001 -16"><span class='ocrx_word' id='word_1_354' title='bbox 411 3049 559 3119; x_wconf 73' lang='grc' dir='ltr'><strong><em>ἡμερίνους</em></strong></span> <span class='ocrx_word' id='word_1_355' title='bbox 578 3051 750 3120; x_wconf 79' lang='grc' dir='ltr'><strong><em>χρησμοὺς</em></strong></span> <span class='ocrx_word' id='word_1_356' title='bbox 767 3052 816 3104; x_wconf 81' lang='grc' dir='ltr'><strong><em>καί</em></strong></span> <span class='ocrx_word' id='word_1_357' title='bbox 834 3049 1055 3119; x_wconf 83' lang='grc' dir='ltr'><strong><em>νοκτερίνους</em></strong></span> <span class='ocrx_word' id='word_1_358' title='bbox 1074 3048 1248 3120; x_wconf 77' lang='grc' dir='ltr'><strong><em>ἐπιπέμπων·</em></strong></span> 
     </span>
     <span class='ocr_line' id='line_1_32' title="bbox 411 3129 1192 3201; baseline 0.001 -18"><span class='ocrx_word' id='word_1_359' title='bbox 411 3129 506 3184; x_wconf 87' lang='grc' dir='ltr'><strong><em>ίασαι</em></strong></span> <span class='ocrx_word' id='word_1_360' title='bbox 525 3129 560 3183; x_wconf 84' lang='grc' dir='ltr'>τά</span> <span class='ocrx_word' id='word_1_361' title='bbox 578 3131 685 3200; x_wconf 80' lang='grc' dir='ltr'><strong><em>βροτῶν</em></strong></span> <span class='ocrx_word' id='word_1_362' title='bbox 704 3129 880 3201; x_wconf 73' lang='grc' dir='ltr'><strong><em>ἀλγήματα</em></strong></span> <span class='ocrx_word' id='word_1_363' title='bbox 898 3138 960 3192; x_wconf 82' lang='grc' dir='ltr'><strong><em>σαῖς</em></strong></span> <span class='ocrx_word' id='word_1_364' title='bbox 977 3129 1192 3198; x_wconf 74' lang='grc' dir='ltr'><strong><em>θεραπείαις.</em></strong></span> 
     </span>
    </p>
   </div>
   <div class='ocr_carea' id='block_1_5' title="bbox 165 3268 1481 4784">
    <p class='ocr_par' dir='ltr' id='par_1_5' title="bbox 165 3268 1479 3663">
     <span class='ocr_line' id='line_1_33' title="bbox 166 3268 1476 3342; baseline -0.002 -16"><span class='ocrx_word' id='word_1_365' title='bbox 166 3275 265 3341; x_wconf 88' lang='lat' dir='ltr'>ltaque</span> <span class='ocrx_word' id='word_1_366' title='bbox 283 3272 329 3326; x_wconf 92' lang='lat' dir='ltr'>his</span> <span class='ocrx_word' id='word_1_367' title='bbox 348 3271 474 3326; x_wconf 90' lang='lat' dir='ltr'>versibus</span> <span class='ocrx_word' id='word_1_368' title='bbox 488 3274 548 3326; x_wconf 89' lang='lat' dir='ltr'>arte</span> <span class='ocrx_word' id='word_1_369' title='bbox 564 3271 771 3342; x_wconf 80' lang='lat' dir='ltr'>coniunguntur</span> <span class='ocrx_word' id='word_1_370' title='bbox 786 3271 905 3340; x_wconf 83' lang='grc' dir='ltr'><strong><em>μαντικὴ</em></strong></span> <span class='ocrx_word' id='word_1_371' title='bbox 920 3268 958 3324; x_wconf 81' lang='grc' dir='ltr'>δι’</span> <span class='ocrx_word' id='word_1_372' title='bbox 981 3268 1133 3339; x_wconf 79' lang='grc' dir='ltr'><strong><em>ὀνειράτων</em></strong></span> <span class='ocrx_word' id='word_1_373' title='bbox 1152 3272 1181 3324; x_wconf 92' lang='lat' dir='ltr'>et</span> <span class='ocrx_word' id='word_1_374' title='bbox 1200 3270 1310 3339; x_wconf 81' lang='grc' dir='ltr'><strong><em>ἰατρικὴ</em></strong></span> <span class='ocrx_word' id='word_1_375' title='bbox 1326 3270 1371 3339; x_wconf 92' lang='lat' dir='ltr'>(cf.</span> <span class='ocrx_word' id='word_1_376' title='bbox 1387 3269 1476 3340; x_wconf 88' lang='grc' dir='ltr'><strong><em>Ἑρμῆ</em></strong></span> 
     </span>
     <span class='ocr_line' id='line_1_34' title="bbox 166 3350 1479 3424; baseline -0.002 -17"><span class='ocrx_word' id='word_1_377' title='bbox 166 3351 294 3424; x_wconf 76' lang='grc' dir='ltr'><strong><em>εὐεργέτα</em></strong></span> <span class='ocrx_word' id='word_1_378' title='bbox 314 3350 472 3422; x_wconf 77' lang='grc' dir='ltr'><strong><em>φαρμάκων</em></strong></span> <span class='ocrx_word' id='word_1_379' title='bbox 491 3353 654 3423; x_wconf 80' lang='grc' dir='ltr'><strong><em>[φάρμακον</em></strong></span> <span class='ocrx_word' id='word_1_380' title='bbox 673 3353 751 3423; x_wconf 86' lang='lat' dir='ltr'>pap]</span> <span class='ocrx_word' id='word_1_381' title='bbox 771 3351 859 3406; x_wconf 90' lang='lat' dir='ltr'>Wess.</span> <span class='ocrx_word' id='word_1_382' title='bbox 875 3351 908 3405; x_wconf 87' lang='lat' dir='ltr'>N.</span> <span class='ocrx_word' id='word_1_383' title='bbox 926 3350 971 3406; x_wconf 82' lang='lat' dir='ltr'>Gr.</span> <span class='ocrx_word' id='word_1_384' title='bbox 987 3352 1038 3406; x_wconf 89' lang='lat' dir='ltr'>ZP.</span> <span class='ocrx_word' id='word_1_385' title='bbox 1050 3357 1092 3419; x_wconf 89' lang='grc'>66,</span> <span class='ocrx_word' id='word_1_386' title='bbox 1108 3357 1190 3418; x_wconf 82' lang='lat' dir='ltr'>28sq.</span> <span class='ocrx_word' id='word_1_387' title='bbox 1207 3378 1240 3396; x_wconf 94' lang='lat'>=</span> <span class='ocrx_word' id='word_1_388' title='bbox 1255 3350 1288 3405; x_wconf 87' lang='lat' dir='ltr'>K.</span> <span class='ocrx_word' id='word_1_389' title='bbox 1305 3355 1365 3416; x_wconf 88' lang='grc'>117,</span> <span class='ocrx_word' id='word_1_390' title='bbox 1376 3354 1479 3421; x_wconf 63' lang='lat' dir='ltr'>itaq),</span> 
     </span>
     <span class='ocr_line' id='line_1_35' title="bbox 166 3429 1479 3503; baseline -0.001 -16"><span class='ocrx_word' id='word_1_391' title='bbox 166 3450 236 3503; x_wconf 90' lang='lat' dir='ltr'>quas</span> <span class='ocrx_word' id='word_1_392' title='bbox 256 3433 299 3487; x_wconf 90' lang='lat' dir='ltr'>dis</span> <span class='ocrx_word' id='word_1_393' title='bbox 319 3431 460 3487; x_wconf 89' lang='lat' dir='ltr'>chthoniis</span> <span class='ocrx_word' id='word_1_394' title='bbox 479 3430 608 3501; x_wconf 88' lang='lat' dir='ltr'>proprias</span> <span class='ocrx_word' id='word_1_395' title='bbox 628 3448 688 3486; x_wconf 88' lang='lat' dir='ltr'>esse</span> <span class='ocrx_word' id='word_1_396' title='bbox 708 3434 826 3487; x_wconf 86' lang='lat' dir='ltr'>constat.</span> <span class='ocrx_word' id='word_1_397' title='bbox 858 3431 1045 3486; x_wconf 88' lang='lat' dir='ltr'>Memorabile</span> <span class='ocrx_word' id='word_1_398' title='bbox 1069 3431 1196 3500; x_wconf 88' lang='lat' dir='ltr'>quidem,</span> <span class='ocrx_word' id='word_1_399' title='bbox 1216 3429 1240 3484; x_wconf 90' lang='lat' dir='ltr'>si</span> <span class='ocrx_word' id='word_1_400' title='bbox 1263 3430 1422 3486; x_wconf 88' lang='lat' dir='ltr'>memineris</span> <span class='ocrx_word' id='word_1_401' title='bbox 1442 3433 1479 3486; x_wconf 90' lang='lat' dir='ltr'>ab</span> 
     </span>
     <span class='ocr_line' id='line_1_36' title="bbox 165 3511 1479 3583; baseline -0.002 -16"><span class='ocrx_word' id='word_1_402' title='bbox 165 3513 334 3583; x_wconf 86' lang='lat' dir='ltr'>Aesculapio</span> <span class='ocrx_word' id='word_1_403' title='bbox 361 3512 522 3582; x_wconf 89' lang='lat' dir='ltr'>Trophonio</span> <span class='ocrx_word' id='word_1_404' title='bbox 548 3511 634 3566; x_wconf 87' lang='lat' dir='ltr'>simili</span> <span class='ocrx_word' id='word_1_405' title='bbox 658 3512 688 3566; x_wconf 89' lang='lat' dir='ltr'>in</span> <span class='ocrx_word' id='word_1_406' title='bbox 715 3512 769 3566; x_wconf 89' lang='lat' dir='ltr'>hac</span> <span class='ocrx_word' id='word_1_407' title='bbox 794 3511 977 3567; x_wconf 88' lang='lat' dir='ltr'>adnotatione</span> <span class='ocrx_word' id='word_1_408' title='bbox 1004 3529 1054 3566; x_wconf 91' lang='lat' dir='ltr'>nos</span> <span class='ocrx_word' id='word_1_409' title='bbox 1081 3511 1195 3578; x_wconf 80' lang='lat' dir='ltr'>exiisse,</span> <span class='ocrx_word' id='word_1_410' title='bbox 1220 3527 1338 3578; x_wconf 88' lang='lat' dir='ltr'>quorum</span> <span class='ocrx_word' id='word_1_411' title='bbox 1361 3514 1479 3581; x_wconf 89' lang='lat' dir='ltr'>uterque</span> 
     </span>
     <span class='ocr_line' id='line_1_37' title="bbox 169 3593 671 3663; baseline -0.002 -15"><span class='ocrx_word' id='word_1_412' title='bbox 169 3595 306 3649; x_wconf 89' lang='lat' dir='ltr'>alterutra</span> <span class='ocrx_word' id='word_1_413' title='bbox 324 3593 453 3663; x_wconf 85' lang='lat' dir='ltr'>potentia</span> <span class='ocrx_word' id='word_1_414' title='bbox 472 3593 671 3662; x_wconf 88' lang='lat' dir='ltr'>praecellebat.</span> 
     </span>
    </p>

    <p class='ocr_par' dir='ltr' id='par_1_6' title="bbox 165 3670 1481 4784">
     <span class='ocr_line' id='line_1_38' title="bbox 257 3670 1480 3745; baseline -0.002 -17"><span class='ocrx_word' id='word_1_415' title='bbox 257 3677 282 3745; x_wconf 89' lang='lat'>1)</span> <span class='ocrx_word' id='word_1_416' title='bbox 302 3673 435 3728; x_wconf 86' lang='lat' dir='ltr'>Traditur</span> <span class='ocrx_word' id='word_1_417' title='bbox 458 3675 558 3745; x_wconf 77' lang='grc' dir='ltr'><strong><em>γυμνοί</em></strong></span> <span class='ocrx_word' id='word_1_418' title='bbox 582 3670 802 3743; x_wconf 79' lang='grc' dir='ltr'><strong><em>ἀπαληλιμμίνοι</em></strong></span> <span class='ocrx_word' id='word_1_419' title='bbox 829 3674 873 3727; x_wconf 87' lang='lat' dir='ltr'>vel</span> <span class='ocrx_word' id='word_1_420' title='bbox 897 3672 1009 3740; x_wconf 89' lang='lat' dir='ltr'>similia,</span> <span class='ocrx_word' id='word_1_421' title='bbox 1028 3674 1105 3742; x_wconf 87' lang='lat' dir='ltr'>quod</span> <span class='ocrx_word' id='word_1_422' title='bbox 1124 3671 1190 3725; x_wconf 88' lang='lat' dir='ltr'>viris</span> <span class='ocrx_word' id='word_1_423' title='bbox 1214 3671 1384 3726; x_wconf 88' lang='lat' dir='ltr'>doctissimis</span> <span class='ocrx_word' id='word_1_424' title='bbox 1403 3671 1480 3726; x_wconf 92' lang='lat' dir='ltr'>vide·</span> 
     </span>
     <span class='ocr_line' id='line_1_39' title="bbox 165 3750 1480 3823; baseline -0.002 -15"><span class='ocrx_word' id='word_1_425' title='bbox 165 3755 249 3808; x_wconf 89' lang='lat' dir='ltr'>batur</span> <span class='ocrx_word' id='word_1_426' title='bbox 264 3758 431 3823; x_wconf 89' lang='lat' dir='ltr'>corruptum.</span> <span class='ocrx_word' id='word_1_427' title='bbox 454 3753 639 3809; x_wconf 81' lang='lat' dir='ltr'>Coniecerunt</span> <span class='ocrx_word' id='word_1_428' title='bbox 652 3751 870 3823; x_wconf 77' lang='grc' dir='ltr'><strong><em>ὑπαληλιμμένοι</em></strong></span> <span class='ocrx_word' id='word_1_429' title='bbox 884 3753 1082 3821; x_wconf 86' lang='lat' dir='ltr'>Tzschuckius,</span> <span class='ocrx_word' id='word_1_430' title='bbox 1097 3750 1312 3822; x_wconf 78' lang='grc' dir='ltr'><strong><em>ἐπαληλιμμέυοι</em></strong></span> <span class='ocrx_word' id='word_1_431' title='bbox 1326 3751 1480 3820; x_wconf 73' lang='grc' dir='ltr'><strong><em>Οοιοὲεἰαε,</em></strong></span> 
     </span>
     <span class='ocr_line' id='line_1_40' title="bbox 165 3831 1480 3903; baseline 0.001 -17"><span class='ocrx_word' id='word_1_432' title='bbox 165 3831 233 3887; x_wconf 88' lang='grc' dir='ltr'><strong><em>λίπα</em></strong></span> <span class='ocrx_word' id='word_1_433' title='bbox 248 3831 427 3903; x_wconf 78' lang='grc' dir='ltr'><strong><em>ἀληλιμμένοι</em></strong></span> <span class='ocrx_word' id='word_1_434' title='bbox 440 3833 607 3901; x_wconf 78' lang='lat' dir='ltr'>Meinelxius,</span> <span class='ocrx_word' id='word_1_435' title='bbox 622 3833 652 3888; x_wconf 94' lang='lat' dir='ltr'>id</span> <span class='ocrx_word' id='word_1_436' title='bbox 667 3833 742 3902; x_wconf 93' lang='lat' dir='ltr'>quod</span> <span class='ocrx_word' id='word_1_437' title='bbox 756 3832 887 3903; x_wconf 91' lang='lat' dir='ltr'>probavit</span> <span class='ocrx_word' id='word_1_438' title='bbox 901 3833 1055 3889; x_wconf 81' lang='lat' dir='ltr'>Cramerus.</span> <span class='ocrx_word' id='word_1_439' title='bbox 1080 3833 1186 3887; x_wconf 88' lang='lat' dir='ltr'>Tamen</span> <span class='ocrx_word' id='word_1_440' title='bbox 1198 3850 1293 3887; x_wconf 92' lang='lat' dir='ltr'>omnes</span> <span class='ocrx_word' id='word_1_441' title='bbox 1303 3831 1480 3887; x_wconf 89' lang='lat' dir='ltr'>coniecturae</span> 
     </span>
     <span class='ocr_line' id='line_1_41' title="bbox 166 3911 1481 3983; baseline -0.001 -18"><span class='ocrx_word' id='word_1_442' title='bbox 166 3911 233 3966; x_wconf 90' lang='lat' dir='ltr'>illae</span> <span class='ocrx_word' id='word_1_443' title='bbox 253 3930 477 3982; x_wconf 86' lang='lat' dir='ltr'>supervacaneae</span> <span class='ocrx_word' id='word_1_444' title='bbox 497 3915 570 3981; x_wconf 91' lang='lat' dir='ltr'>sunt,</span> <span class='ocrx_word' id='word_1_445' title='bbox 589 3913 656 3982; x_wconf 90' lang='lat' dir='ltr'>quia</span> <span class='ocrx_word' id='word_1_446' title='bbox 675 3913 811 3968; x_wconf 88' lang='lat' dir='ltr'>traditum</span> <span class='ocrx_word' id='word_1_447' title='bbox 830 3911 1050 3983; x_wconf 81' lang='grc' dir='ltr'><strong><em>ἀπαληλιμμίνοι</em></strong></span> <span class='ocrx_word' id='word_1_448' title='bbox 1069 3929 1216 3982; x_wconf 91' lang='lat' dir='ltr'>possumus</span> <span class='ocrx_word' id='word_1_449' title='bbox 1235 3912 1392 3967; x_wconf 87' lang='lat' dir='ltr'>defendere.</span> <span class='ocrx_word' id='word_1_450' title='bbox 1421 3912 1481 3966; x_wconf 89' lang='lat' dir='ltr'>lam</span> 
     </span>
     <span class='ocr_line' id='line_1_42' title="bbox 166 3989 1480 4063; baseline -0.001 -16"><span class='ocrx_word' id='word_1_451' title='bbox 166 4009 232 4047; x_wconf 91' lang='lat' dir='ltr'>vero</span> <span class='ocrx_word' id='word_1_452' title='bbox 252 3992 276 4046; x_wconf 92' lang='lat' dir='ltr'>si</span> <span class='ocrx_word' id='word_1_453' title='bbox 294 3992 388 4047; x_wconf 89' lang='lat' dir='ltr'>nullus</span> <span class='ocrx_word' id='word_1_454' title='bbox 407 3993 479 4047; x_wconf 88' lang='lat' dir='ltr'>alius</span> <span class='ocrx_word' id='word_1_455' title='bbox 499 3994 576 4048; x_wconf 90' lang='lat' dir='ltr'>locus</span> <span class='ocrx_word' id='word_1_456' title='bbox 596 3993 677 4047; x_wconf 91' lang='lat' dir='ltr'>nobis</span> <span class='ocrx_word' id='word_1_457' title='bbox 692 3993 929 4063; x_wconf 78' lang='lat' dir='ltr'>suppeditaretur,</span> <span class='ocrx_word' id='word_1_458' title='bbox 943 4011 998 4063; x_wconf 90' lang='lat' dir='ltr'>quo</span> <span class='ocrx_word' id='word_1_459' title='bbox 1014 3993 1112 4048; x_wconf 90' lang='lat' dir='ltr'>codem</span> <span class='ocrx_word' id='word_1_460' title='bbox 1125 3993 1209 4046; x_wconf 90' lang='lat' dir='ltr'>modo</span> <span class='ocrx_word' id='word_1_461' title='bbox 1223 3993 1339 4045; x_wconf 91' lang='lat' dir='ltr'>verbum</span> <span class='ocrx_word' id='word_1_462' title='bbox 1354 3989 1480 4061; x_wconf 81' lang='grc' dir='ltr'><strong><em>ἀλείφειν</em></strong></span> 
     </span>
     <span class='ocr_line' id='line_1_43' title="bbox 168 4071 1480 4143; baseline -0.002 -17"><span class='ocrx_word' id='word_1_463' title='bbox 168 4090 231 4126; x_wconf 87' lang='lat' dir='ltr'>cum</span> <span class='ocrx_word' id='word_1_464' title='bbox 255 4071 311 4126; x_wconf 85' lang='grc' dir='ltr'>ἀπὸ</span> <span class='ocrx_word' id='word_1_465' title='bbox 330 4073 539 4142; x_wconf 87' lang='lat' dir='ltr'>praepositione</span> <span class='ocrx_word' id='word_1_466' title='bbox 563 4072 743 4127; x_wconf 89' lang='lat' dir='ltr'>coniunctum</span> <span class='ocrx_word' id='word_1_467' title='bbox 762 4074 798 4127; x_wconf 92' lang='lat' dir='ltr'>ad</span> <span class='ocrx_word' id='word_1_468' title='bbox 817 4074 957 4128; x_wconf 86' lang='lat' dir='ltr'>actionem</span> <span class='ocrx_word' id='word_1_469' title='bbox 976 4074 1118 4143; x_wconf 90' lang='lat' dir='ltr'>quandam</span> <span class='ocrx_word' id='word_1_470' title='bbox 1138 4071 1300 4142; x_wconf 85' lang='lat' dir='ltr'>religiosam</span> <span class='ocrx_word' id='word_1_471' title='bbox 1321 4071 1480 4143; x_wconf 80' lang='lat' dir='ltr'>significan-</span> 
     </span>
     <span class='ocr_line' id='line_1_44' title="bbox 166 4150 1480 4220; baseline -0.003 -13"><span class='ocrx_word' id='word_1_472' title='bbox 166 4153 232 4207; x_wconf 92' lang='lat' dir='ltr'>dam</span> <span class='ocrx_word' id='word_1_473' title='bbox 252 4151 446 4220; x_wconf 88' lang='lat' dir='ltr'>adhiberetur,</span> <span class='ocrx_word' id='word_1_474' title='bbox 470 4152 559 4207; x_wconf 89' lang='lat' dir='ltr'>nihilo</span> <span class='ocrx_word' id='word_1_475' title='bbox 588 4153 680 4207; x_wconf 90' lang='lat' dir='ltr'>minus</span> <span class='ocrx_word' id='word_1_476' title='bbox 703 4169 759 4206; x_wconf 92' lang='lat' dir='ltr'>non</span> <span class='ocrx_word' id='word_1_477' title='bbox 784 4152 843 4207; x_wconf 90' lang='lat' dir='ltr'>sine</span> <span class='ocrx_word' id='word_1_478' title='bbox 867 4152 1044 4208; x_wconf 90' lang='lat' dir='ltr'>dubitatione</span> <span class='ocrx_word' id='word_1_479' title='bbox 1069 4152 1260 4207; x_wconf 89' lang='lat' dir='ltr'>damnandum</span> <span class='ocrx_word' id='word_1_480' title='bbox 1290 4154 1377 4219; x_wconf 88' lang='lat' dir='ltr'>esset,</span> <span class='ocrx_word' id='word_1_481' title='bbox 1405 4150 1480 4219; x_wconf 92' lang='lat' dir='ltr'>quod</span> 
     </span>
     <span class='ocr_line' id='line_1_45' title="bbox 168 4231 1480 4302; baseline -0.002 -16"><span class='ocrx_word' id='word_1_482' title='bbox 168 4231 315 4288; x_wconf 81' lang='lat' dir='ltr'>Strabonis</span> <span class='ocrx_word' id='word_1_483' title='bbox 335 4231 444 4286; x_wconf 88' lang='lat' dir='ltr'>codices</span> <span class='ocrx_word' id='word_1_484' title='bbox 464 4232 606 4287; x_wconf 89' lang='lat' dir='ltr'>exhibent.</span> <span class='ocrx_word' id='word_1_485' title='bbox 643 4233 716 4286; x_wconf 90' lang='lat' dir='ltr'>Nam</span> <span class='ocrx_word' id='word_1_486' title='bbox 740 4250 803 4287; x_wconf 92' lang='lat' dir='ltr'>cum</span> <span class='ocrx_word' id='word_1_487' title='bbox 827 4233 977 4288; x_wconf 89' lang='lat' dir='ltr'>verisimile</span> <span class='ocrx_word' id='word_1_488' title='bbox 996 4233 1033 4289; x_wconf 91' lang='lat' dir='ltr'>sit</span> <span class='ocrx_word' id='word_1_489' title='bbox 1051 4233 1227 4301; x_wconf 90' lang='lat' dir='ltr'>unctionem,</span> <span class='ocrx_word' id='word_1_490' title='bbox 1247 4233 1282 4288; x_wconf 94' lang='lat' dir='ltr'>de</span> <span class='ocrx_word' id='word_1_491' title='bbox 1301 4249 1358 4302; x_wconf 90' lang='lat' dir='ltr'>qua</span> <span class='ocrx_word' id='word_1_492' title='bbox 1377 4231 1480 4301; x_wconf 84' lang='lat' dir='ltr'>agitur,</span> 
     </span>
     <span class='ocr_line' id='line_1_46' title="bbox 166 4311 1480 4383; baseline -0.001 -18"><span class='ocrx_word' id='word_1_493' title='bbox 166 4313 307 4368; x_wconf 88' lang='lat' dir='ltr'>lustrandi</span> <span class='ocrx_word' id='word_1_494' title='bbox 326 4329 410 4366; x_wconf 90' lang='lat' dir='ltr'>causa</span> <span class='ocrx_word' id='word_1_495' title='bbox 430 4315 588 4381; x_wconf 86' lang='lat' dir='ltr'>susceptam</span> <span class='ocrx_word' id='word_1_496' title='bbox 603 4329 671 4380; x_wconf 88' lang='lat' dir='ltr'>esse,</span> <span class='ocrx_word' id='word_1_497' title='bbox 691 4313 796 4381; x_wconf 91' lang='lat' dir='ltr'>optime</span> <span class='ocrx_word' id='word_1_498' title='bbox 811 4313 926 4366; x_wconf 84' lang='lat' dir='ltr'>verbum</span> <span class='ocrx_word' id='word_1_499' title='bbox 939 4312 1116 4383; x_wconf 83' lang='grc' dir='ltr'><strong><em>ἀπαλείφειν</em></strong></span> <span class='ocrx_word' id='word_1_500' title='bbox 1130 4313 1241 4367; x_wconf 88' lang='lat' dir='ltr'>videtur</span> <span class='ocrx_word' id='word_1_501' title='bbox 1257 4312 1385 4379; x_wconf 89' lang='lat' dir='ltr'>electum,</span> <span class='ocrx_word' id='word_1_502' title='bbox 1403 4311 1480 4380; x_wconf 87' lang='lat' dir='ltr'>quod</span> 
     </span>
     <span class='ocr_line' id='line_1_47' title="bbox 167 4391 1479 4465; baseline -0.002 -18"><span class='ocrx_word' id='word_1_503' title='bbox 167 4394 281 4463; x_wconf 86' lang='lat' dir='ltr'>quidem</span> <span class='ocrx_word' id='word_1_504' title='bbox 300 4394 354 4446; x_wconf 93' lang='lat' dir='ltr'>hoc</span> <span class='ocrx_word' id='word_1_505' title='bbox 372 4393 455 4445; x_wconf 89' lang='lat' dir='ltr'>modo</span> <span class='ocrx_word' id='word_1_506' title='bbox 475 4392 665 4446; x_wconf 88' lang='lat' dir='ltr'>circumscribi</span> <span class='ocrx_word' id='word_1_507' title='bbox 683 4392 785 4461; x_wconf 90' lang='lat' dir='ltr'>possit:</span> <span class='ocrx_word' id='word_1_508' title='bbox 810 4397 849 4465; x_wconf 78' lang='grc' dir='ltr'>τῷ</span> <span class='ocrx_word' id='word_1_509' title='bbox 867 4391 993 4463; x_wconf 86' lang='grc' dir='ltr'><strong><em>ἀλείφειν</em></strong></span> <span class='ocrx_word' id='word_1_510' title='bbox 1013 4391 1230 4462; x_wconf 80' lang='grc' dir='ltr'><strong><em>ἀποκαθαίρειν.</em></strong></span> <span class='ocrx_word' id='word_1_511' title='bbox 1268 4393 1400 4448; x_wconf 86' lang='lat' dir='ltr'>Conferas</span> <span class='ocrx_word' id='word_1_512' title='bbox 1418 4409 1479 4446; x_wconf 91' lang='lat' dir='ltr'>ver·</span> 
     </span>
     <span class='ocr_line' id='line_1_48' title="bbox 166 4471 1477 4542; baseline -0.001 -16"><span class='ocrx_word' id='word_1_513' title='bbox 166 4473 233 4527; x_wconf 89' lang='lat' dir='ltr'>bum</span> <span class='ocrx_word' id='word_1_514' title='bbox 258 4471 455 4542; x_wconf 85' lang='grc' dir='ltr'><strong><em>ἀπομάττειν,</em></strong></span> <span class='ocrx_word' id='word_1_515' title='bbox 485 4472 519 4526; x_wconf 91' lang='lat' dir='ltr'>de</span> <span class='ocrx_word' id='word_1_516' title='bbox 547 4490 602 4540; x_wconf 87' lang='lat' dir='ltr'>quc</span> <span class='ocrx_word' id='word_1_517' title='bbox 628 4472 770 4526; x_wconf 88' lang='lat' dir='ltr'>Dieterich</span> <span class='ocrx_word' id='word_1_518' title='bbox 798 4472 827 4526; x_wconf 90' lang='lat' dir='ltr'>in</span> <span class='ocrx_word' id='word_1_519' title='bbox 855 4473 925 4528; x_wconf 92' lang='lat' dir='ltr'>Mus.</span> <span class='ocrx_word' id='word_1_520' title='bbox 959 4474 1047 4528; x_wconf 86' lang='lat' dir='ltr'>Rhen.</span> <span class='ocrx_word' id='word_1_521' title='bbox 1077 4479 1111 4528; x_wconf 91' lang='grc'>48</span> <span class='ocrx_word' id='word_1_522' title='bbox 1139 4492 1166 4542; x_wconf 91' lang='lat' dir='ltr'>p.</span> <span class='ocrx_word' id='word_1_523' title='bbox 1187 4479 1252 4539; x_wconf 78' lang='grc'>279,</span> <span class='ocrx_word' id='word_1_524' title='bbox 1277 4479 1292 4525; x_wconf 77' lang='lat'><strong>2</strong></span> <span class='ocrx_word' id='word_1_525' title='bbox 1319 4472 1477 4526; x_wconf 85' lang='lat' dir='ltr'>adnotavit:</span> 
     </span>
     <span class='ocr_line' id='line_1_49' title="bbox 167 4551 1478 4624; baseline -0.003 -16"><span class='ocrx_word' id='word_1_526' title='bbox 167 4555 323 4621; x_wconf 80' lang='lat' dir='ltr'>„ctehcader</span> <span class='ocrx_word' id='word_1_527' title='bbox 345 4553 492 4608; x_wconf 82' lang='lat' dir='ltr'>Aasdraclc</span> <span class='ocrx_word' id='word_1_528' title='bbox 510 4553 559 4619; x_wconf 71' lang='lat' dir='ltr'>scir</span> <span class='ocrx_word' id='word_1_529' title='bbox 581 4554 721 4623; x_wconf 77' lang='lat' dir='ltr'>mystischc</span> <span class='ocrx_word' id='word_1_530' title='bbox 745 4553 928 4624; x_wconf 76' lang='lat' dir='ltr'>Rciaiqaap“.</span> <span class='ocrx_word' id='word_1_531' title='bbox 970 4554 1089 4608; x_wconf 78' lang='lat' dir='ltr'>Accedit</span> <span class='ocrx_word' id='word_1_532' title='bbox 1113 4571 1196 4621; x_wconf 90' lang='lat' dir='ltr'>nunc,</span> <span class='ocrx_word' id='word_1_533' title='bbox 1225 4552 1336 4621; x_wconf 87' lang='lat' dir='ltr'>quode</span> <span class='ocrx_word' id='word_1_534' title='bbox 1362 4551 1478 4621; x_wconf 88' lang='lat' dir='ltr'>papyris</span> 
     </span>
     <span class='ocr_line' id='line_1_50' title="bbox 167 4631 1479 4702; baseline -0.001 -16"><span class='ocrx_word' id='word_1_535' title='bbox 167 4633 296 4702; x_wconf 85' lang='lat' dir='ltr'>magicis,</span> <span class='ocrx_word' id='word_1_536' title='bbox 315 4633 447 4701; x_wconf 90' lang='lat' dir='ltr'>equibus</span> <span class='ocrx_word' id='word_1_537' title='bbox 462 4632 573 4686; x_wconf 88' lang='lat' dir='ltr'>omnino</span> <span class='ocrx_word' id='word_1_538' title='bbox 592 4631 758 4687; x_wconf 88' lang='lat' dir='ltr'>incredibile</span> <span class='ocrx_word' id='word_1_539' title='bbox 777 4636 833 4700; x_wconf 87' lang='lat' dir='ltr'>est,</span> <span class='ocrx_word' id='word_1_540' title='bbox 853 4636 989 4700; x_wconf 88' lang='lat' dir='ltr'>quantum</span> <span class='ocrx_word' id='word_1_541' title='bbox 1007 4633 1116 4687; x_wconf 89' lang='lat' dir='ltr'>hauriri</span> <span class='ocrx_word' id='word_1_542' title='bbox 1133 4632 1225 4701; x_wconf 89' lang='lat' dir='ltr'>possit</span> <span class='ocrx_word' id='word_1_543' title='bbox 1243 4631 1389 4699; x_wconf 86' lang='lat' dir='ltr'>materiae,</span> <span class='ocrx_word' id='word_1_544' title='bbox 1409 4632 1479 4686; x_wconf 87' lang='lat' dir='ltr'>duos</span> 
     </span>
     <span class='ocr_line' id='line_1_51' title="bbox 169 4712 1479 4784; baseline -0.001 -16"><span class='ocrx_word' id='word_1_545' title='bbox 169 4713 245 4768; x_wconf 90' lang='lat' dir='ltr'>locos</span> <span class='ocrx_word' id='word_1_546' title='bbox 263 4712 428 4784; x_wconf 85' lang='lat' dir='ltr'>protrahere</span> <span class='ocrx_word' id='word_1_547' title='bbox 447 4713 528 4780; x_wconf 89' lang='lat' dir='ltr'>licet,</span> <span class='ocrx_word' id='word_1_548' title='bbox 551 4713 653 4782; x_wconf 91' lang='lat' dir='ltr'>quibus</span> <span class='ocrx_word' id='word_1_549' title='bbox 676 4730 748 4783; x_wconf 89' lang='lat' dir='ltr'>quae</span> <span class='ocrx_word' id='word_1_550' title='bbox 767 4713 796 4769; x_wconf 88' lang='lat' dir='ltr'>in</span> <span class='ocrx_word' id='word_1_551' title='bbox 816 4713 961 4770; x_wconf 81' lang='lat' dir='ltr'>Strabonis</span> <span class='ocrx_word' id='word_1_552' title='bbox 981 4713 1124 4770; x_wconf 89' lang='lat' dir='ltr'>codicibus</span> <span class='ocrx_word' id='word_1_553' title='bbox 1143 4713 1259 4768; x_wconf 85' lang='lat' dir='ltr'>exarata</span> <span class='ocrx_word' id='word_1_554' title='bbox 1278 4713 1351 4783; x_wconf 86' lang='lat' dir='ltr'>suut,</span> <span class='ocrx_word' id='word_1_555' title='bbox 1371 4712 1479 4768; x_wconf 88' lang='lat' dir='ltr'>stabili-</span> 
     </span>
    </p>
   </div>
   <div class='ocr_carea' id='block_1_6' title="bbox 0 0 1652 5190">
    <p class='ocr_par' dir='ltr' id='par_1_7' title="bbox 0 0 1652 5190">
     <span class='ocr_line' id='line_1_52' title="bbox 0 0 1652 5190; baseline 0 0"><span class='ocrx_word' id='word_1_556' title='bbox 0 0 1652 5190; x_wconf 95' lang='lat' dir='ltr'> </span> 
     </span>
    </p>
   </div>
  </div>
 </body>
</html>
