3294 5190
203 331 225 394 4
260 287 262 291 Ι
794 330 885 400 Caput
902 331 922 385 I.

204 491 463 576 Saresberiensis‚
486 489 688 575 Nicephorus
713 490 881 577 Gregoras.
926 492 1088 556 Differunt
1111 492 1144 555 in
1168 493 1305 578 singulis
1328 491 1509 557 Artemido-

203 613 272 674 rus,
300 589 435 654 loannes
459 588 723 673 Saresberiensis‚
751 590 868 674 reliqui
890 591 976 675 inter
1003 612 1036 653 se
1064 590 1185 654 scilicet
1210 596 1429 676 congruentes.
1470 591 1508 653 ld

206 688 291 773 quod
314 687 376 752 hoo
398 686 464 750 fere
488 691 656 752 stemmate
679 688 815 771 exprimi
838 692 958 772 potest:

410 900 1144 1313 Aa

698 1307 795 1362 Iofflffl·
830 1319 891 1373 Nic.
907 1316 990 1384 areg.
1054 1243 1068 1381 ἀ
1136 1331 1296 1388 Macrobius

693 1388 802 1446 Saresb.
936 1403 1113 1472 Pg‚.Augusb.

291 1631 341 1697 Ex
370 1634 421 1698 his
450 1634 631 1699 somniandi
657 1634 762 1698 modis
790 1634 955 1699 divinandi
982 1634 1032 1698 vis
1064 1656 1127 1697 non
1155 1632 1219 1696 nisi
1251 1632 1355 1696 tribus
1382 1631 1507 1695 ultimis

204 1730 420 1816 tribuebatur,
444 1732 572 1797 oraculo
596 1732 732 1816 scilicet,
754 1733 881 1815 visioni,
914 1733 1047 1795 somnia.
1084 1731 1243 1796 ἐνύπνιον
1271 1734 1302 1793 et
1330 1730 1507 1813 φάντασμα

201 1849 296 1913 „cara
319 1831 583 1912 interpretationis
604 1831 736 1913 indipna
762 1835 842 1909 svnt,
865 1830 941 1911 qnia
963 1829 1044 1893 nibil
1066 1829 1270 1892 divinationis
1292 1826 1506 1913 adportant1);

201 1947 267 1990 nna
290 1947 359 1991 earn
386 1948 492 1993 sorano
520 1924 646 1993 avolant
677 1933 706 1992 et
726 1928 850 2010 pariter
876 1924 1115 2013 evanescant.“²)
1160 1924 1273 2009 Itaque
1300 1928 1362 2005 „art
1386 1926 1507 1990 nnllarn

201 2026 346 2090 noscendi
366 2027 471 2108 fntnri
493 2023 597 2109 openv“
619 2026 825 2111 recipiuntur.
833 2023 859 2112 ³)

290 2121 553 2188 Praesensionem
586 2124 745 2207 quandam
777 2145 882 2187 rerum
915 2123 1096 2186 futurarum
1129 2121 1169 2184 iis
1202 2121 1372 2206 praecipue
1404 2122 1508 2185 inesse

203 2219 375 2285 credebant
406 2222 554 2306 somniis,
583 2243 664 2305 quae
690 2243 796 2286 mane
823 2218 1058 2307 apparerent4),
1085 2241 1158 2284 cum
1186 2221 1312 2284 animus
1339 2221 1506 2285 hominum

201 2318 341 2382 maxime
365 2342 383 2383 a
406 2342 539 2404 corpore
563 2324 646 2383 esset
669 2319 833 2403 liberatus,
856 2319 919 2403 ipsi
942 2341 1017 2383 vero
1040 2319 1186 2382 homines
1209 2340 1312 2402 neque
1335 2319 1508 2403 vigilarent

201 2438 306 2500 neque
330 2418 517 2502 dormirent,
541 2419 596 2482 sed
619 2417 723 2481 media
742 2418 879 2501 quadam
903 2417 1090 2482 condicione
1117 2417 1300 2501 penderent.
1351 2416 1404 2481 Sic
1427 2417 1507 2479 lam-

200 2514 328 2578 blichus
353 2514 406 2602 (de
433 2520 528 2599 myst.
547 2514 648 2602 1112)
677 2516 715 2579 dc
742 2515 877 2581 somniis
905 2516 1060 2579 divinitus
1088 2515 1196 2578 missis
1228 2514 1313 2577 inter
1339 2514 1402 2578 alia
1429 2514 1507 2577 haec

201 2613 337 2695 profert:
369 2612 439 2679 ἀλλ’
473 2615 547 2696 ἤτοι
577 2622 638 2679 τοῦ
668 2613 777 2680 ὕπνου
812 2613 1064 2696 ἀπολείποντος,
1091 2611 1283 2698 ἀρχομένων
1314 2614 1389 2698 ἀρτι
1413 2612 1507 2699 ἐγρη-

201 2709 355 2796 γορέναι,
378 2710 512 2776 ἀκούειν
543 2711 681 2797 πάρεστι
708 2762 714 2775 .
739 2763 745 2776 .
768 2760 789 2795 .,
825 2710 846 2794 ἢ
878 2710 1020 2795 μεταξὺ
1053 2719 1122 2775 τοῦ
1155 2709 1412 2796 ἐγρηγορέναι
1442 2709 1506 2774 καλ

200 2809 417 2873 καθεύδειν
443 2810 551 2874 όντων
579 2808 599 2892 ἢ
622 2807 677 2873 καὶ
699 2813 867 2884 παντελῶς
886 2807 1115 2895 ἐγρηγορότων
1138 2808 1175 2871 ai
1191 2806 1301 2891 φωναὶ
1320 2807 1506 2873 ἀκούονται.

202 2903 262 2968 Ex.
282 2928 329 2991 gr.
354 2906 525 2969 afferamus
553 2905 672 2970 Marini
695 2906 802 2970 locum
825 2928 842 2969 e
868 2906 936 2969 vita
958 2905 1066 2969 Procli
1089 2905 1148 2990 30,
1175 2904 1232 2968 ubi
1256 2906 1295 2968 de
1321 2904 1507 2989 Aesculapii

200 3002 372 3085 epiphania
395 3003 457 3067 hoo
486 3004 617 3069 dicitur:
644 3004 786 3090 μεταξὺ
816 3005 879 3089 γάρ
910 3001 958 3068 ὧν
987 3002 1114 3068 ὕπνου
1142 3001 1206 3067 καὶ
1234 3003 1507 3089 ἐγρηγόρσεως

200 3096 268 3165 cite
291 3102 456 3187 όράκοντα
478 3108 545 3168 κτλ.
591 3101 755 3166 Interdum
779 3103 857 3166 adeo
882 3102 991 3186 potuit
1017 3100 1162 3166 vividum
1190 3123 1258 3165 esse
1286 3102 1447 3166 somnium
1470 3106 1507 3164 ut

292 3350 318 3417 1)
337 3347 461 3403 Macrob.
476 3348 495 3402 l.
510 3365 532 3403 o.
548 3354 573 3416 3,
589 3355 613 3404 3.

290 3429 317 3497 2)
337 3427 374 3483 ib.
391 3433 416 3494 3,
436 3434 460 3484 5.
481 3428 515 3482 of.
535 3431 639 3484 Artem.
662 3428 754 3484 Oneir.
770 3429 783 3482 I
802 3435 816 3482 1
835 3447 861 3498 p.
873 3436 898 3496 3,
913 3435 947 3484 26
965 3428 1013 3484 H.:
1037 3425 1083 3497 ἐφ’
1110 3428 1176 3484 ὅσον
1200 3428 1250 3498 μὲν
1273 3426 1407 3484 ἐνύπνιόν
1432 3426 1506 3482 ἐστιν

202 3506 316 3578 ἐνεργεῖ,
334 3505 502 3577 παυομένων
520 3508 552 3563 si
569 3519 626 3566 τῶν
643 3508 740 3565 ὕπνων
758 3507 931 3578 ἀφανίζεται.

290 3589 316 3656 3)
335 3587 373 3641 ib.
383 3593 407 3654 3,
416 3594 440 3642 8.
461 3589 597 3644 Artemid.
612 3591 625 3643 I
640 3596 653 3644 1
669 3610 696 3661 p.
707 3590 798 3655 3,5H.
814 3589 952 3644 somnium
966 3592 995 3643 et
1009 3589 1179 3644 insomnium
1193 3589 1327 3642 discernit
1341 3589 1395 3642 hoo
1408 3589 1505 3643 modo:

199 3670 286 3740 ταότη
309 3669 363 3740 γὰρ
387 3668 498 3738 όνειρον
523 3668 658 3726 ἐννπνίον
676 3667 823 3738 διαφέρειν
850 3666 1012 3740 συμβέβηκε,
1034 3674 1072 3742 τῷ
1090 3669 1140 3724 τὸν
1163 3668 1214 3738 μὲν
1240 3665 1312 3724 εἶναι
1336 3670 1507 3738 σημαντικὸν

199 3758 255 3803 τῶν
273 3747 436 3818 μελλόντων,
453 3750 485 3804 τὸ
504 3749 535 3804 δὲ
553 3760 610 3806 τῶν
628 3750 725 3805 ὄντων.
739 3783 775 3790 -
789 3749 906 3803 Diversa
924 3749 960 3803 ab
979 3748 1032 3816 his,
1051 3766 1124 3817 quae
1141 3750 1279 3818 praebent
1297 3749 1364 3803 libri
1383 3749 1506 3804 Carolini

199 3829 286 3884 mas
305 3830 524 3899 insparsis
550 3831 658 3901 Migne:
681 3847 857 3900 ,ananqnarn
879 3846 941 3900 erpo
963 3836 988 3884 et
1009 3831 1126 3884 visiones
1148 3836 1173 3884 et
1194 3831 1302 3884 somnia
1324 3832 1431 3885 nrintinv
1450 3832 1507 3884 dici

200 3911 366 3965 consuetudo
395 3911 548 3979 admiserit,
577 3913 649 3966 inter
670 3913 789 3966 visiones
811 3927 872 3965 vero
900 3917 926 3965 et
946 3911 1053 3964 sennia
1075 3911 1124 3964 λιοο
1146 3911 1255 3979 qrvidern
1277 3912 1380 3967 distare
1402 3911 1506 3977 dicant,

199 3989 272 4057 qnod
297 3990 406 4044 somnia
430 4008 463 4044 ea
487 3997 565 4058 snnt,
590 4007 658 4060 qaae
681 3992 840 4060 plerunque
859 3991 1000 4058 faliantur
1020 4032 1158 4045 ......
1182 3991 1301 4045 visiones
1325 4008 1387 4047 vero
1411 3993 1506 4046 dicant

200 4069 335 4137 qnasdarn
353 4071 504 4124 veraciores
521 4071 715 4126 revelationem
733 4086 757 4124 e.
771 4088 797 4138 q.
814 4088 834 4123 s.

289 4153 317 4218 4)
337 4148 371 4202 of.
390 4148 523 4204 Philostr.
543 4150 576 4205 V.
595 4150 686 4220 Apoll.
701 4150 788 4206 1137:
812 4148 849 4206 ἀν
867 4149 918 4219 μὲν
936 4149 989 4220 γάρ
1016 4149 1083 4222 ἑῷος
1101 4144 1119 4222 ἦ
1143 4152 1190 4220 (sc.
1215 4150 1230 4205 ὁ
1253 4150 1360 4222 καιρός)
1384 4154 1432 4206 nal
1456 4159 1504 4204 τοῦ

201 4229 265 4296 περὶ
283 4228 334 4282 τὸν
353 4227 461 4296 ὄρθρον
479 4227 580 4297 ὕπνον,
598 4229 799 4302 ξνμβάλλονται
814 4228 1009 4301 (ὀνειροπόλοι)
1028 4231 1117 4300 αὐτὴν
1135 4234 1182 4301 (so.
1199 4239 1251 4302 τῆν
1271 4232 1349 4303 ὄψιν)
1368 4233 1404 4294 ὡς
1422 4233 1506 4301 ὑγιῶς

203 4305 409 4379 μαντειομένης
427 4317 476 4379 της
497 4318 598 4380 ψυχῆς.
619 4311 653 4365 cf.
673 4311 758 4366 etiam
776 4311 894 4364 Buechs.
909 4328 936 4379 p.
953 4316 986 4365 38
1006 4313 1035 4365 et
1054 4311 1117 4365 adn.
1133 4317 1175 4365 96.
1199 4344 1235 4353 -
1259 4311 1443 4366 Observatum
1462 4312 1506 4363 est

159 4392 180 4423 ⁶
200 4387 314 4442 omnino
338 4388 448 4443 somnia
466 4389 608 4444 matutina
625 4391 794 4446 creberrima
812 4408 884 4447 esse:
903 4410 927 4445 v.
947 4391 1104 4459 Lehmann,
1124 4391 1304 4462 Aberglaube
1322 4409 1348 4445 u.
1369 4390 1506 4444 Zauberei

198 4485 222 4522 v.
243 4468 298 4521 den
322 4468 445 4522 bltesten
469 4469 566 4524 Zeiten
585 4488 621 4525 an
639 4471 683 4525 bis
701 4471 730 4525 in
751 4471 797 4525 die
815 4471 996 4541 Gegenwart,
1020 4473 1154 4527 deutsche
1178 4471 1354 4526 autorisierte
1373 4470 1506 4539 Ausgabe

198 4564 252 4601 von
271 4548 317 4604 Dr.
337 4549 471 4603 Peterson
488 4568 515 4619 p.
531 4556 596 4608 396:
615 4553 696 4620 „Uns
712 4557 816 4607 trinnvt
833 4558 897 4607 stets
914 4554 946 4607 in
963 4553 1023 4607 rtern
1041 4554 1153 4608 leicbten
1170 4552 1286 4620 Setiafe,
1304 4552 1353 4606 (ter
1370 4552 1431 4606 dein
1449 4551 1505 4605 Er-

197 4629 308 4683 nacivcn
331 4632 509 4686 immitteibar
530 4634 708 4703 νοτιιιωμιλιόί
731 4635 760 4687 et
777 4632 814 4686 ib.
834 4650 860 4701 p.
877 4638 942 4687 395:
961 4633 1013 4699 „Je
1040 4633 1147 4688 teiehter
1168 4633 1217 4687 iter
1243 4632 1343 4700 &trias
1360 4633 1410 4700 ist,
1433 4634 1506 4687 desto

199 4708 326 4783 hinfiper
343 4711 408 4767 sinit
425 4712 497 4767 ancli
514 4713 559 4767 die
580 4713 725 4768 Trinme.“
