3294 5190
556 314 598 367 De
616 313 771 369 incubandi
788 313 889 367 ritibus
908 313 1107 384 symbolisque.
1445 314 1484 378 17

175 475 277 540 Vino
305 476 554 540 abstinebant
578 477 663 560 apud
686 475 919 560 Amphiaraum
943 499 1001 560 per
1023 481 1089 541 tres
1114 475 1227 562 dies1).

245 597 276 651 τὸ
296 598 432 666 μαντικὸν
449 598 481 652 τὸ
501 599 605 652 ἐκτῶν
625 598 831 666 ὀνειράτων...
845 595 916 672 ῥᾷον
935 600 1018 670 διορᾷ
1037 598 1064 668 (ἡ
1084 596 1172 668 ψυχή)
1196 597 1232 666 μὴ
1256 596 1483 669 ξυντεύολωμένη

246 677 301 731 ὑπὸ
329 686 379 731 τού
403 677 483 732 οίνου
506 677 638 732 Philostr.
662 678 695 731 V.
725 678 816 747 Apoll.
836 678 862 731 Π
880 683 913 731 37
937 697 964 747 p.
981 683 1028 746 79,
1045 678 1107 732 1Κ.
1130 677 1162 731 τὸ
1186 679 1345 747 χρησμῶὸες
1368 678 1399 731 ἐν
1425 687 1486 740 ταῖς

246 758 403 826 νηφούσαις
425 767 530 827 ψυχαῖς
548 755 676 812 τίθενται
695 756 733 811 ib.
752 776 778 825 p.
796 762 898 824 79,14.
920 757 953 811 of.
969 772 1042 825 quae
1059 756 1191 812 Philostr.
1210 757 1248 811 ib.
1269 757 1311 810 19
1332 758 1366 811 de
1384 758 1484 811 iuvene

245 840 343 891 narrat
361 837 475 905 Assyrio
500 838 535 890 ab
555 835 723 905 Aesculapio
749 837 891 907 neglecte,
918 837 985 905 quia
1008 837 1115 906 ἐτρύφα
1138 845 1242 892 νοσοῦν
1260 837 1302 906 (τὸ
1326 836 1484 907 μειράκιον)

245 918 294 970 καλ
318 917 349 971 ἐν
372 915 469 978 πότοις
494 916 537 986 ἔζη
557 921 633 986 (p.8,
650 920 702 987 11).
740 918 814 985 „Die
834 917 927 973 θύοιεν
950 918 998 972 der
1021 917 1166 972 Uacerwelt
1188 919 1285 971 tossen
1309 918 1362 972 ύικ
1384 919 1482 972 Weia“

246 996 361 1066 Stengel
384 996 601 1051 Kultusaltert.²
618 1016 644 1066 p.
661 1003 703 1050 93.
741 998 895 1066 Propterea
919 1013 977 1051 non
1003 997 1097 1050 vinum
1122 997 1157 1050 iis
1178 996 1296 1066 libatur,
1323 998 1372 1050 sed
1398 1001 1483 1066 potus

246 1077 370 1145 quidam,
390 1093 473 1144 quem
491 1076 616 1145 νηφάλια
634 1076 786 1144 vocabant,
806 1076 874 1144 quia
893 1077 958 1131 vino
977 1078 1100 1132 carebat.
1138 1077 1253 1146 Stengel
1272 1077 1289 1131 l.
1306 1093 1327 1130 c.
1349 1096 1376 1146 p.
1391 1083 1425 1130 93
1441 1095 1481 1146 sq.

245 1155 323 1209 Diels
344 1155 471 1224 Sibyllin.
491 1156 601 1211 Blatter
618 1175 645 1225 p.
662 1161 695 1210 70
706 1173 745 1224 sq.
775 1156 810 1212 cf.
830 1157 919 1210 Wess.
939 1156 985 1210 Gr.
1006 1157 1049 1209 ZP
1072 1163 1115 1223 22,
1130 1162 1179 1211 ύλε
1199 1156 1279 1211 οίνου
1298 1155 1483 1227 ἀπεχόμενος;

246 1235 389 1289 antecedit
413 1238 467 1306 (52)
495 1236 701 1306 προαγυεύσας,
730 1252 785 1303 quo
816 1236 955 1289 lustrandi
983 1252 1069 1289 causa
1093 1238 1162 1304 potu
1192 1235 1392 1289 abstinendum
1423 1253 1483 1290 esse

248 1315 414 1369 declaratur.
451 1315 529 1369 ltiess
548 1315 792 1384 Pauly-Wissowa
811 1334 832 1370 s.
847 1334 871 1370 v.
887 1316 1066 1386 Aberglaube
1085 1334 1111 1384 p.
1128 1322 1170 1383 34,
1181 1322 1222 1371 67.

176 1442 320 1506 Faunum
344 1442 548 1506 consulturos
572 1446 702 1507 castos
727 1464 796 1507 esse
820 1428 992 1530 decebat2).

172 1565 265 1631 Adde
287 1566 420 1631 Tertull.
445 1566 483 1630 de
506 1589 555 1631 an.
574 1568 617 1632 48
643 1566 676 1632 Ο.
696 1567 727 1632 S.
746 1568 784 1633 Ε.
803 1568 838 1632 L.
857 1567 919 1632 XX
940 1569 956 1631 1
977 1591 1007 1652 p.
1023 1568 1102 1632 379:
1125 1569 1231 1652 „opud
1251 1568 1379 1633 οναοιιίο
1396 1570 1482 1633 ι’νιαι-

171 1665 291 1731 ύολκνύο
314 1715 321 1730 .
346 1717 352 1728 .
377 1715 383 1727 .
407 1666 593 1756 castimonia
615 1667 799 1731 inducitur(
824 1664 877 1753 (cf.
893 1689 923 1751 p.
941 1664 1005 1752 15.)

243 1794 377 1848 Homines
402 1798 494 1849 castos
518 1795 664 1849 divinandi
689 1797 744 1851 arti
767 1797 947 1866 occupandae
971 1796 1087 1850 idoneos
1112 1811 1172 1850 esse
1192 1796 1368 1850 demonstrat
1385 1797 1480 1866 Pomp.

241 1875 317 1928 Mela
336 1875 410 1941 1116,
424 1880 471 1944 48,
490 1875 539 1943 qui
564 1876 598 1929 de
621 1874 774 1930 Galliaenis
797 1877 883 1931 refert
905 1878 1043 1946 perpetua
1066 1875 1229 1945 virginitate
1248 1877 1368 1946 sanctis,
1392 1875 1481 1930 Senae

242 1954 272 2007 in
291 1954 385 2009 insula
402 1955 615 2024 habitantibus,
634 1973 704 2023 quas
723 1956 896 2010 insanabilia
915 1972 1030 2025 sanare,
1047 1959 1164 2010 ventura
1181 1957 1252 2010 scire
1272 1960 1301 2011 et
1318 1956 1481 2026 praedicare

241 2036 391 2103 putabant.
429 2035 463 2088 cf.
488 2052 560 2104 quae
586 2036 661 2105 apud
679 2037 761 2091 Paus.
777 2037 889 2103 vura,
906 2043 939 2090 13
963 2037 998 2090 de
1021 2036 1123 2090 Terrae
1146 2037 1297 2091 traduntur
1321 2037 1478 2091 sacerdote:

241 2114 312 2185 γυνὴ
326 2114 357 2168 δὲ
374 2114 389 2183 ἡ
404 2115 448 2168 ἀεὶ
462 2114 513 2184 τὴν
528 2115 680 2185 ἱερωσύνην
694 2116 874 2189 λαμβάνουσα
893 2116 1030 2186 ἁγιστεύει
1049 2113 1100 2186 μὲν
1113 2117 1145 2171 τὸ
1164 2117 1221 2171 ἀπὸ
1239 2117 1352 2186 τούτου,
1372 2118 1405 2171 ού
1425 2112 1480 2186 μὴν

242 2194 307 2249 ούδὲ
327 2194 361 2248 τὰ
379 2195 501 2262 πρότερα
519 2195 595 2250 ἔσται
609 2195 693 2251 πλέον
713 2195 731 2266 ἢ
746 2196 809 2260 ἑνὸς
827 2197 931 2264 ἀνδρὸς
951 2196 979 2258 ἐς
992 2205 1094 2264 πεῖραν
1113 2193 1262 2266 ἀφιγμένη.
1300 2196 1480 2250 Sacerdotem

241 2273 321 2328 illam
339 2274 520 2329 vaticinando
539 2275 619 2345 fungi
638 2292 653 2329 e
667 2277 759 2331 Plinio
779 2293 915 2346 agnoscas
929 2276 1002 2330 Hist.
1017 2279 1075 2330 nat.
1091 2282 1134 2342 28,
1149 2282 1174 2342 9,
1189 2282 1222 2330 41
1239 2277 1284 2346 (cf.
1299 2276 1374 2329 infra
1387 2294 1414 2344 p.
1425 2280 1477 2342 41).

244 2353 396 2408 Christiani
415 2371 526 2422 quoque
544 2355 693 2425 perspicua
712 2356 821 2410 somnia
839 2358 1001 2424 expetentes
1021 2358 1116 2409 castae
1135 2355 1210 2409 vitae
1228 2372 1341 2424 operam
1356 2356 1480 2409 dandam

243 2451 303 2488 esse
321 2433 535 2504 intellegebant.
573 2435 606 2489 cf.
628 2453 700 2504 quae
723 2439 819 2490 monet
838 2435 969 2503 Synesius
994 2435 1029 2488 de
1053 2434 1200 2488 insomniis
1225 2434 1354 2505 7Migne
1373 2435 1477 2489 Patrol.

241 2513 286 2570 Gr.
307 2517 327 2569 t.
343 2521 376 2569 66
400 2533 426 2583 p.
444 2521 509 2568 1301
522 2515 560 2584 A,
584 2516 633 2570 ubi
663 2516 779 2587 exponit
806 2532 863 2584 qua
886 2514 996 2569 ratione
1014 2532 1065 2568 nos
1089 2515 1144 2584 ipsi
1168 2516 1205 2568 ad
1224 2514 1369 2568 divinandi
1389 2518 1479 2568 artem

240 2595 425 2649 exercendam
442 2595 580 2664 possimus
600 2597 731 2652 educare:
756 2594 805 2651 καί
823 2615 897 2658 τινες
919 2593 973 2664 ἤδη
994 2595 1042 2649 διὰ
1066 2594 1097 2648 τὸ
1120 2604 1230 2649 τοιοῦτο
1254 2591 1360 2668 λιχνείᾳ
1384 2597 1478 2649 δελεα-

241 2676 354 2737 σθέντες
381 2677 579 2746 προγνώσεως,
612 2675 751 2745 τρύπεζοίν
782 2696 812 2731 τε
845 2675 902 2730 ἀπὸ
936 2675 1158 2746 φλεγμαινούσης
1187 2673 1265 2743 ἱερὰν
1293 2675 1342 2729 καλ
1368 2674 1478 2743 ἄτυφον

239 2755 413 2824 προύθεντο,
442 2757 490 2810 καὶ
518 2753 615 2826 κοίτην
640 2756 801 2826 ἠσπάσαντο
829 2755 964 2824 καθαρὰν
986 2757 1035 2809 καλ
1060 2752 1224 2824 ἀμύλυντον.
1262 2754 1350 2825 ὁγὰρ
1370 2753 1422 2810 ὅσα
1440 2752 1479 2828 τῷ

242 2838 341 2890 Πυθοῖ
357 2832 469 2904 τρίποδι
492 2844 526 2907 τῇ
549 2834 628 2910 κλίνη
652 2835 833 2908 χρησόμενος,
856 2840 959 2892 πολλού
983 2837 1028 2901 δεῖ
1050 2835 1192 2904 μάρτυρας
1209 2833 1361 2898 ἀκολασίας
1377 2834 1428 2898 τὰς
1446 2835 1478 2890 ἐν

239 2916 308 2986 αὐτῇ
339 2915 442 2979 νύκτας
466 2916 651 2984 ποιήσασθαι.
696 2918 864 2984 „Baiocblaf
887 2917 965 2971 ward
992 2917 1035 2970 als
1063 2917 1291 2987 υινιικνωκλγικύ
1321 2918 1476 2986 οκγωολικί*

240 2995 355 3064 Stengel
369 2995 523 3050 Kultusalt.
534 2996 544 3027 ²
557 3015 584 3065 p.
601 3001 660 3051 148.
681 2997 714 3049 cf.
725 2996 803 3051 Riess
822 2995 1064 3064 Pauly-Wissowa
1079 3013 1099 3051 s.
1112 3015 1136 3050 v.
1152 2996 1334 3066 Aberglaube
1353 3014 1379 3065 p.
1396 3002 1475 3064 34sq.

240 3092 264 3128 v.
280 3074 402 3142 Parthey
421 3092 448 3143 p.
465 3081 525 3142 128,
541 3082 605 3130 291ε
625 3074 817 3146 (ἀπεχόμενος)
836 3075 927 3143 πάσης
946 3072 1103 3138 συνουσίας.

167 3199 367 3286 Vigilassc
390 3200 539 3265 videntur
562 3201 742 3285 Trophonii
766 3199 968 3288 supplices³).

167 3325 309 3390 Balnea
332 3325 456 3391 calida
479 3327 565 3409 apud
588 3326 809 3411 Trophonium
828 3323 1101 3411 vetabantur).

146 3521 148 3526 ,
238 3465 271 3520 ci.
291 3465 381 3521 Wess.
400 3466 446 3521 Gr.
467 3467 518 3521 ZP.
537 3486 563 3537 p.
576 3473 618 3536 99,
634 3473 685 3522 735
701 3485 755 3535 sq.:
775 3463 940 3536 ἀποσχέσθω
953 3513 955 3521 .
969 3509 975 3521 .
988 3463 1154 3536 ,βαλανείου
1173 3465 1218 3534 (cf.
1238 3477 1272 3534 p.·
1282 3467 1333 3534 16).

730 3647 763 3699 H.
783 3645 911 3700 Cultus.

167 3744 264 3829 Apud
291 3744 514 3832 Trophonium
542 3747 605 3812 duo
633 3768 751 3834 genera
780 3745 1043 3810 instaurabantur
1072 3743 1373 3829 sacrificiorum,
1397 3743 1474 3808 alte

166 3864 238 3906 rum
260 3843 447 3927 Trophonio
471 3846 650 3929 ceterisque
673 3846 723 3908 dis
746 3844 911 3909 Lebadeae
939 3843 1035 3908 cultis
1058 3842 1193 3906 minoris
1217 3842 1372 3905 momenti
1396 3842 1473 3906 alte-

166 3962 238 4002 rum
271 3942 401 4005 maioris
433 3948 626 4007 nocturnum
664 3943 896 4027 cpibothrium,
934 3963 950 4004 e
983 3941 1073 4005 cuius
1108 3940 1190 4004 extis
1228 3940 1472 4024 cognoscebant,

168 4041 278 4101 utrum
307 4039 444 4122 supplici
472 4041 583 4105 liceret
612 4041 801 4105 descendere
823 4061 936 4124 neonc3
971 4039 1184 4102 adhibebatur
1218 4038 1253 4100 in
1278 4037 1340 4101 hoc
1371 4038 1472 4101 altero

166 4136 323 4200 sacrificio
347 4137 429 4200 aries
452 4142 529 4224 ater,
553 4140 592 4203 dc
615 4160 679 4221 quo
704 4139 795 4202 infra.
833 4135 940 4224 (Paus.
960 4135 1006 4200 IX
1026 4137 1078 4220 39,
1093 4135 1121 4200 5.
1138 4135 1181 4223 6.)

165 4233 263 4318 Apud
290 4233 523 4318 Amphiaraum
551 4259 679 4321 quoquc
707 4236 826 4320 duplex
853 4236 1010 4301 usitatum
1039 4240 1107 4300 erat
1135 4233 1335 4317 sacrificium,
1364 4254 1472 4316 quam-

254 4467 281 4535 1)
299 4463 430 4518 Philostr.
450 4463 483 4519 V.
502 4464 594 4534 Apoll.
613 4466 695 4522 1137.
724 4465 759 4521 cf.
773 4484 800 4535 p.
817 4473 858 4535 14,
874 4471 898 4518 2.

253 4547 280 4612 2)
300 4561 384 4612 ,νεαρ
401 4545 475 4600 abest
498 4545 624 4599 ίῘινιονιε*ι
645 4545 693 4601 Ov.
713 4546 788 4601 Fast.
808 4546 846 4599 IV
861 4552 920 4600 ott.

253 4624 477 4694 &mpmh

253 4706 280 4774 4)
300 4702 481 4774 διαιτώμενύς
498 4725 528 4760 τε
547 4704 689 4761 ἐνταῦθα.
703 4751 707 4761 .
721 4709 858 4776 ,λουτρῶν
882 4706 1002 4780 εἴργεται
1020 4709 1135 4777 θερμῶν
1153 4705 1234 4760 Paus.
1249 4704 1287 4759 IX
1302 4711 1345 4774 39,
1360 4710 1384 4761 5.

217 4803 362 4858 Deubner,
378 4805 406 4845 de
420 4805 575 4847 incubatione,
1240 4802 1255 4848 2
