3294 5190
543 343 584 397 De
603 341 785 397 incubatione
804 342 967 397 christiana.
1365 344 1406 407 91

102 510 167 575 Vix
192 510 294 573 sancti
318 532 390 573 eum
415 510 449 572 in
471 508 578 572 locum
600 511 822 592 pervenerant,
851 529 924 570 oum
952 507 1155 571 daemonium
1179 511 1317 572 taetrum
1341 508 1408 572 sine

102 608 169 672 ulla
192 630 301 693 pugna
325 608 359 671 in
383 628 492 671 ereum
515 607 723 691 fugaverunt:
747 604 895 670 ἐνταῦθα
918 606 981 690 γάρ
1006 604 1163 681 ἐλθόντες
1188 606 1224 670 οί
1243 607 1332 688 άγιοι
1354 604 1409 670 καὶ

101 717 171 782 τοῖς
191 707 436 789 εὐαγγελισταῖς
455 706 628 787 γενόμενοι
648 704 808 785 σύσκηνοι
828 700 1039 788 πρῶτονμὲν
1059 702 1091 781 ἐξ
1110 704 1211 786 αὐτῆς
1230 703 1334 779 εὐθὺς
1352 711 1410 786 της

102 806 149 880 εἰς
168 805 226 868 τὸν
247 804 337 889 ίερὸν
356 812 476 869 τοῦτον
495 803 598 884 σηκὸν
616 799 797 883 ἐπιβάσεως
815 801 863 876 είς
881 801 995 885 φυγὴν
1013 801 1049 864 τὸ
1070 802 1246 884 δαιμόνιον
1268 802 1410 886 ἔτρεψαν

102 904 149 978 είς
172 903 337 987 τάρταρον
356 900 391 965 ἐκ
409 909 469 983 γῆς
493 898 705 977 ἐκδιώξαντες
725 896 1049 981 Sp.R.11178=M.
1069 896 1203 962 3416A.
1240 898 1409 962 Daemonii

102 999 242 1063 ministri
276 998 393 1083 quique
426 999 494 1063 eius
527 997 695 1082 phasmata
726 997 869 1061 venerati
901 1000 990 1060 erant
1020 997 1060 1060 ad
1094 1019 1210 1060 novam
1242 999 1273 1060 et
1302 1019 1410 1060 veram

102 1097 199 1160 fidem
223 1100 461 1180 convertuntur,
484 1118 609 1161 sacrum
632 1095 854 1160 foedissimum
880 1094 939 1158 sub
962 1098 1081 1158 terram
1099 1098 1281 1159 removetur
1304 1116 1412 1158 arena-

103 1217 164 1278 que
189 1194 365 1279 obtegitur:
388 1196 426 1259 τὸ
457 1195 623 1280 βδελυρὸν
653 1192 759 1259 ἐκεῖνο
787 1202 847 1257 τοῦ
876 1195 1034 1279 δαίμονος
1056 1191 1205 1277 τέμενος,
1236 1193 1272 1258 ἐν
1300 1184 1327 1279 ᾦ
1354 1193 1411 1268 τάς

103 1294 238 1370 ψευδεῖς
261 1296 445 1376 φαντασίας
469 1294 486 1358 ὁ
515 1290 677 1378 δραπέτης
705 1292 869 1378 εἰργάζετο
894 1342 901 1354 .
925 1342 932 1355 .
957 1342 963 1355 .
986 1288 1041 1355 καί
1070 1292 1107 1355 τὸ
1138 1293 1412 1376 γυναικόμορφον

103 1392 215 1456 ἵστατο
240 1390 369 1476 ξόανον,
393 1395 537 1477 παραλία
560 1391 681 1476 ψάμμῳ
704 1388 894 1473 κατέχωσαν
919 1387 974 1453 καὶ
998 1440 1005 1452 .
1030 1439 1036 1452 .
1061 1440 1067 1452 .
1090 1390 1156 1453 ὑπὸ
1184 1390 1293 1472 χθόνα
1320 1386 1411 1452 κατί-

104 1500 238 1573 κρυψαν
272 1487 325 1572 Sp.
354 1489 392 1553 R.
418 1487 530 1552 11180
553 1519 595 1540 =
620 1487 663 1552 M.
682 1487 769 1550 3416
780 1487 817 1551 B.
872 1484 946 1570 lpse
978 1486 1114 1569 denique
1146 1487 1249 1570 vieno,
1282 1487 1316 1550 in
1348 1508 1411 1568 quo

103 1587 269 1652 colebatur
287 1587 500 1669 daemonium,
519 1585 643 1650 deletur
662 1589 841 1670 martyrum
859 1588 954 1649 nutu:
978 1588 1162 1669 συνήπτετο
1186 1586 1203 1651 ὁ
1228 1594 1287 1651 τοῦ
1312 1586 1412 1649 δυσα-

103 1693 185 1768 γοῦς
215 1685 319 1749 αὐτοῦ
346 1687 508 1768 κτήματος
538 1687 696 1770 ὄλεθρος,
726 1684 744 1750 ὃ
777 1693 835 1767 τῆς
862 1685 1020 1766 δαίμονος
1052 1685 1199 1770 ὑπῆρχεν
1227 1683 1413 1767 ἐπώνυμον,

104 1782 159 1848 καὶ
179 1795 247 1847 τῶν
265 1794 425 1867 μυσαρῶν
443 1782 544 1866 αὐτῆς
563 1788 702 1848 τελετῶν
720 1784 842 1868 μιαρὸν
857 1781 1063 1866 ἐνδιαίτημα·
1082 1792 1180 1848 τοῦτο
1199 1783 1262 1865 γάρ
1281 1782 1413 1865 ψάμμος

103 1879 158 1945 καὶ
181 1882 330 1945 θάλαττα
353 1882 531 1966 μαρτύρων
554 1881 747 1966 ἐμερίσαντο
771 1881 908 1964 νεύματι
933 1878 986 1963 Sp.
1008 1878 1412 1945 R.11181=M.34160.

104 1978 268 2043 Daemone
293 1978 425 2061 depulso
455 2000 525 2041 eum
556 1982 733 2063 martyrum
761 1978 923 2042 miraoulis
955 1977 1178 2043 inclaresceret
1204 1978 1307 2060 loeus,
1338 2001 1413 2041 mox

105 2076 255 2141 omuibus
275 2099 313 2140 ex
332 2075 478 2160 partibus
493 2077 605 2140 mundi
620 2077 660 2141 ad
680 2077 882 2140 salutiferum
904 2099 1014 2141 eorum
1032 2077 1191 2162 templum
1211 2076 1413 2141 confluebant
1485 2146 1486 2149 χ

103 2174 250 2239 homines
274 2174 335 2238 Dei
359 2178 607 2257 sanatorumque
630 2175 791 2239 laudaturi
814 2176 993 2259 potentiam
1001 2172 1035 2261 1).

193 2273 333 2337 Maxime
364 2296 439 2337 saue
466 2274 576 2338 floruit
604 2273 680 2358 Cyri
704 2277 736 2338 et
759 2272 888 2338 loannis
912 2295 1050 2338 sacrum:
1074 2275 1143 2357 ipsa
1170 2273 1323 2336 miracula
1346 2295 1415 2356 per-

104 2371 207 2434 multa
238 2372 334 2435 huius
365 2373 411 2435 rei
444 2371 598 2455 praebent
627 2373 821 2436 testimonia.
867 2371 1043 2436 Multitudo
1074 2375 1278 2457 aegrotorum
1314 2372 1413 2434 servis

105 2470 231 2552 saepius
250 2468 442 2556 adiunctis2)
462 2470 614 2535 continuo
634 2474 818 2535 sanctorum
838 2470 1009 2555 expetebat
1027 2467 1230 2558 auxilium³)3
1253 2470 1413 2535 interdum

104 2652 257 2717 κιαιίχιαυι
278 2647 426 2717 gloriosam
448 2647 585 2701 ecclesiast
609 2648 717 2702 edidit
739 2649 771 2701 ιἰι
793 2649 850 2703 loeo
874 2649 922 2717 qai
951 2647 1108 2716 appellatur
1130 2648 1272 2704 Menatbis
1292 2691 1296 2700 .
1318 2691 1324 2702 .
1346 2689 1366 2713 .‚
1384 2654 1416 2702 at

103 2744 152 2794 per
179 2728 276 2781 ταινίαι
303 2732 460 2782 selectorum
483 2728 638 2794 άαινιοιιιε,
665 2729 714 2798 qai
736 2729 794 2783 ι’ίίίο
815 2729 990 2794 babitabant,
1014 2729 1209 2798 effupareatur.
1230 2733 1307 2796 poet
1338 2729 1416 2783 boec

105 2814 195 2862 autem
209 2809 332 2875 perrexit
349 2826 410 2863 οιιιιι
433 2825 536 2877 ικαρκα
557 2814 667 2863 caterva
692 2810 886 2864 catholicorum
910 2810 1053 2878 λινακεχιιι
1076 2809 1169 2863 eadem
1192 2809 1335 2877 praedicta
1357 2825 1414 2864 cor-

101 2904 173 2956 poro
198 2889 229 2941 ιἰι
254 2889 346 2942 eadem
371 2888 486 2943 basilica
511 2889 679 2944 collocavit.“
714 2890 814 2957 Itaque
841 2888 888 2942 hio
913 2887 1035 2958 primum
1063 2888 1182 2943 ecelesia
1206 2888 1349 2943 aedificari
1378 2888 1414 2941 ab

105 2968 205 3038 angelo
225 2967 284 3021 viso
303 2967 425 3037 iubetur,
443 2970 505 3021 tum
524 2968 636 3022 demum
659 2968 779 3023 ecelesia
797 2986 815 3023 a
834 2968 938 3039 Gyrillo
959 2971 1102 3023 exstructa
1120 2971 1276 3038 martyrum
1299 2985 1416 3038 corpora

104 3063 138 3100 en
156 3046 329 3101 Alexandria
347 3046 562 3100 transferuntur.

195 3130 220 3195 1)
240 3126 384 3195 Quomodo
408 3128 545 3193 martyres
570 3127 604 3179 de
629 3125 777 3181 daemonio
801 3127 851 3182 illo
878 3127 1129 3196 triumphaverint,
1159 3128 1265 3197 optime
1289 3127 1361 3197 legis
1386 3128 1415 3180 in

103 3206 165 3259 vite
184 3205 320 3273 acephala
343 3205 390 3274 Sp.
409 3205 441 3258 R.
461 3204 500 3258 IV
520 3209 622 3272 24‘lsq.
639 3233 672 3252 =
687 3205 723 3260 M.
740 3212 809 3260 3696
820 3206 889 3262 Be:
915 3207 991 3262 ούπω
1021 3206 1052 3262 δὲ
1076 3207 1176 3278 σχεδὸν
1197 3213 1236 3280 τῷ
1259 3207 1334 3280 τόπῳ
1354 3206 1415 3261 ἐπέ-

104 3303 207 3354 στησαν
234 3285 261 3338 οί
284 3293 410 3353 γενναῖοι
433 3293 482 3339 τοῦ
506 3289 626 3353 Χριστοῦ
650 3295 815 3354 στρατιῶται
839 3292 932 3355 Κῦρος
954 3290 1003 3342 καί
1023 3285 1171 3357 Ἰωάννης,
1199 3289 1247 3341 καί
1272 3287 1343 3341 κατὰ
1366 3297 1415 3342 τοῦ

105 3367 191 3420 ἐκεῖσε
210 3365 419 3434 ἐμφωλεύοντες
443 3363 637 3434 πονηροτάτου
661 3364 797 3434 δαίμονος
820 3365 975 3437 ἀνεγείρειν
998 3367 1118 3437 ἤρξαντο
1141 3367 1275 3436 τρόπαια·
1299 3369 1418 3432 πολλοὺς

104 3446 157 3515 γὰρ
176 3449 382 3514 δαιμονιῶντας
400 3447 448 3500 καί
467 3443 617 3508 ἀσθενίαις
635 3445 731 3510 ἀλλαις
749 3447 972 3521 κεκρατημένους
991 3448 1021 3503 ἐν
1048 3453 1086 3520 τῷ
1108 3448 1160 3517 την
1183 3446 1339 3502 κατάθεσιν
1361 3457 1416 3503 τῶν

104 3523 193 3594 ἁγίων
218 3524 361 3595 λειψάνων
384 3524 517 3595 γίνεσθαι
536 3524 739 3594 ἐθεράπευσαν.
760 3526 808 3580 καί
827 3528 930 3591 αύτούς
955 3527 987 3582 δὲ
1014 3530 1080 3590 τοὺς
1105 3528 1189 3596 ἱερεῖς
1211 3537 1261 3583 τοῦ
1285 3525 1417 3596 ὀλεθρίου

105 3603 239 3674 δαίμονος
256 3614 305 3676 τῆς
324 3615 445 3676 ψυχικῆς
463 3606 571 3676 πλάνης
590 3605 719 3677 ίάσαντο,
739 3607 807 3662 ὥστε
825 3608 958 3676 παραντδι
977 3612 1145 3676 προσελθεῖν
1168 3609 1270 3672 αύτούς
1288 3614 1325 3680 τῷ
1345 3606 1415 3681 ἁγίῳ

104 3685 310 3759 άρχιεπισκόπῳ
329 3684 454 3759 Κυρίλλρι
473 3687 577 3759 καὶτῷ
596 3689 701 3760 λουτρῷ
724 3696 772 3758 τῆς
795 3687 908 3758 χάριτος
931 3697 980 3744 τοῦ
1005 3686 1087 3758 ἀγίον
1113 3686 1303 3761 βαπτίσματος
1325 3693 1417 3743 καθα-

104 3770 256 3835 γνισθηνοιι
275 3767 323 3821 καί
342 3767 410 3821 αύτδ
429 3766 461 3822 δέ
479 3767 510 3822 τδ
536 3766 612 3836 ίερδν
635 3770 738 3836 μᾶλλον
762 3767 793 3823 δέ
817 3769 953 3840 μιαρδνύ)
977 3778 1027 3824 τοῦ
1051 3766 1184 3837 ὀλεθρίου
1208 3767 1343 3837 δαίμονος
1366 3770 1416 3824 σὺν

103 3850 141 3918 τῷ
170 3846 200 3900 ἐν
220 3847 293 3919 αύτιχῖ
312 3845 450 3916 ἀγάλματι
476 3849 524 3901 καί
550 3852 587 3919 τῷ
614 3849 695 3920 βωμῷ
715 3849 825 3919 ἀφανὲς
849 3854 1077 3920 κατασταθῆναι·
1105 3850 1123 3919 ἡ
1149 3849 1201 3918 γὰρ
1225 3847 1416 3918 παρακειμένη

104 3925 225 3995 ψάμμος,
245 3929 278 3981 ού
293 3927 347 3996 μὴν
362 3928 430 3981 ἀλλὰ
446 3927 525 3997 καὶὴ
545 3926 675 3982 θάλασσα
694 3937 727 4000 τῇ
747 3928 872 4005 ἐνεργείᾳ
890 3940 945 3985 τῶν
965 3927 1053 3999 άγίων
1072 3931 1219 3998 μαρτύρων
1233 3939 1314 3985 τοῦτο
1334 3929 1416 3997 ἐπόρ-

103 4010 199 4075 θησαν
218 4009 266 4061 not
285 4006 395 4077 ἀφανὲς
414 4006 559 4078 ἐποίησαν,
577 4008 595 4077 ἡ
614 4007 664 4077 μὲν
680 4009 871 4079 ἐπικλύζουσα,
890 4009 908 4079 ἡ
927 4009 958 4064 δέ
973 4011 1171 4080 καταχώσασα·
1191 4011 1229 4074 ὡς
1247 4010 1353 4080 άδηλον
1367 4009 1417 4065 τὸν

103 4087 192 4142 τόπον
214 4086 397 4143 παντάπασιν
420 4087 558 4159 γίνεσθαι.
587 4088 707 4158 τοσαύτη
736 4088 767 4143 δέ
795 4090 876 4160 χάρις
903 4090 967 4145 ἀντὶ
994 4098 1043 4161 της
1066 4092 1133 4159 πρὶν
1159 4089 1269 4159 ἀπάτης
1294 4089 1343 4144 διὰ
1367 4098 1417 4159 τῆς

105 4166 266 4232 ἐπιστασίας
283 4177 339 4223 τῶν
358 4167 446 4239 ἁγίων
465 4170 613 4239 μαρτύρων
632 4168 807 4239 ἐπήνθησεν,
830 4170 868 4234 ὡς
891 4170 921 4225 ἐκ
940 4170 1069 4239 περάτων
1092 4180 1141 4240 τῆς
1159 4169 1325 4240 οίκονμένης
1347 4170 1416 4238 πρὸς

103 4249 134 4303 τὸ
158 4257 208 4303 τοῦ
235 4248 331 4317 Κύρου
354 4251 403 4303 καὶ
420 4247 558 4305 Ἰωάννου
582 4249 728 4319 εύκτήριον
749 4252 816 4312 τούς
839 4251 971 4313 ἀσθενεῖς
994 4248 1209 4320 κατεπείγεσθαι
1236 4251 1285 4304 καί
1308 4248 1417 4313 πάντας

104 4330 169 4392 τοὺς
185 4326 275 4384 πίστει
294 4327 515 4399 προστρέχοντας
533 4329 750 4403 ἀντιλαμβάνειν
768 4335 826 4386 τῶν
844 4330 1022 4400 παθημάτων
1040 4339 1092 4401 τῆν
1112 4331 1195 4386 ίασιν.

194 4412 221 4480 2)
240 4409 346 4465 οίκέται
370 4413 623 4464 commemorantur
647 4418 689 4482 30,
710 4413 821 4466 35171).
855 4419 922 4475 παῖς
948 4410 987 4465 ib.
1018 4413 1136 4480 3520A3
1162 4417 1209 4480 32,
1229 4411 1333 4465 35281)
1357 4410 1417 4480 (qui

104 4489 181 4544 idem
199 4489 311 4546 videtur
330 4507 391 4545 esse
411 4492 495 4559 atque
514 4489 661 4560 ὑπηρέτης,
680 4493 715 4546 de
734 4509 790 4561 quo
809 4492 866 4561 ib).
887 4491 1021 4561 νεύμασιν
1040 4492 1155 4547 ἅπαντα
1170 4493 1218 4545 καί
1237 4489 1418 4561 ψελλίσματιν

104 4579 163 4633 τοῖς
176 4569 469 4640 διακονουμένοις
484 4571 558 4642 αὐτῷ
573 4571 743 4641 διεσάφησεν
757 4571 794 4626 ib.
825 4571 878 4637 Qui
892 4589 949 4626 non
963 4572 1062 4641 templi
1072 4572 1205 4626 videntur
1214 4587 1275 4624 esse
1285 4570 1416 4638 ministri,

104 4650 208 4720 quippe
227 4651 330 4720 quibus
349 4651 424 4706 adioi
443 4653 534 4705 soleat
551 4649 623 4703 illud
641 4656 679 4723 τῷ
698 4657 752 4725 νεῷ
771 4653 815 4707 vel
834 4651 947 4722 similia,
967 4652 1001 4706 of.
1017 4671 1044 4721 p.
1060 4657 1104 4717 93,
1115 4657 1138 4704 λ.

195 4733 220 4802 3)
239 4741 294 4787 τῶν
316 4777 320 4785 .
343 4778 347 4787 .
370 4777 374 4786 .
395 4729 604 4802 κατακειμένων
623 4731 754 4788 ἀσθενῶν
772 4733 804 4787 τδ
822 4735 933 4804 πλῆθος
951 4737 977 4802 9,
992 4731 1105 4794 3445Δ,
