3294 5190
606 330 648 383 De
667 330 848 389 incubatione
867 331 1029 387 christiana.
1432 335 1474 398 83

168 491 188 574 η
211 494 411 576 παναλκης
433 495 647 579 έμπλαστρος.
693 493 805 578 Itaque
828 505 888 559 τοῦ
912 491 972 579 μίν
1003 496 1169 579 στομάχου
1197 497 1332 562 ἔλαιον
1355 492 1397 579 ἦν
1420 495 1474 562 καί

167 593 319 675 κηρωτη
347 592 384 655 τὸ
413 593 615 677 καθάρσιον,
643 593 724 678 άπερ
753 593 864 657 αὐτῶν
890 593 954 675 τὴν.
985 592 1088 678 σορὸν
1116 642 1123 656 .
1154 642 1161 657 .
1189 643 1196 656 .
1224 596 1475 678 καταλάμπουσι

170 688 198 770 1,
213 686 344 752 34280.
369 687 444 776 (τὴν
467 688 571 775 ίασιν)
600 693 763 773 κομίζεται
792 688 902 776 (Caius
926 688 1071 777 quidam)
1095 682 1211 776 ἐλαίῳ
1239 699 1284 778 τῳ
1313 700 1370 775 τῆς
1396 715 1475 758 καν-

168 787 270 869 δήλας
299 786 334 850 ἐκ
365 788 615 871 προστάγματος
643 787 860 871 ἀλειφόμενος
892 787 926 872 3,
946 786 1082 851 34291).
1113 786 1228 875 ἐλαίῳ
1260 792 1339 865 τοὺς
1370 792 1475 867 πόδας

168 882 319 968 ἀλείφειν
341 886 576 969 προστάττεται
599 893 645 972 τῷ
669 884 754 969 φωτί
778 894 822 972 τῳ
847 894 1030 974 νυκτερινῷ
1052 886 1113 968 τὴν
1137 887 1239 971 σορὸν
1262 886 1372 953 αὐτῶν
1399 911 1474 953 κατ-

168 984 344 1064 αυγάζοντι
370 983 397 1067 1,
413 982 539 1047 34360.
571 994 722 1069 κηρωτῇ
742 982 796 1048 καί
816 986 1011 1068 συκαμίνοις
1034 983 1206 1061 έξιάσαντο
1221 981 1277 1070 (se.
1292 984 1474 1070 mulierem)

170 1078 219 1161 10,
235 1079 371 1143 34491).
395 1079 511 1167 ε’λαίῳ
534 1078 589 1145 καί
612 1091 766 1167 κηρωτη
789 1093 859 1158 τοῖς
883 1083 942 1146 τὸν
965 1081 1096 1165 πυρσὸν
1118 1082 1178 1146 τὸν
1206 1082 1267 1164 τὴν
1295 1081 1394 1164 άγίαν
1417 1082 1475 1146 αύ-

167 1188 234 1241 aba
262 1178 364 1262 σορὸν
392 1181 576 1261 φωτίζοντα
603 1177 785 1264 τρέφουσιν
812 1180 871 1245 τὸν
904 1179 991 1243 πόδα
1022 1180 1082 1244 τὸν
1114 1180 1282 1262 πάσχοντα
1310 1183 1476 1245 λιπαίνειν

167 1276 361 1341 κελεύουσιν
384 1276 437 1360 22,
452 1274 539 1340 3485
551 1275 583 1341 0.
617 1275 733 1364 ἐλαίῳ
756 1277 794 1341 τὸ
818 1275 941 1362 φέγγος
964 1276 1143 1360 ἀκοίμητον
1166 1279 1255 1362 παρὰ
1282 1279 1342 1360 την
1365 1278 1475 1342 αὐτῶν

168 1373 270 1459 σορὸν
293 1373 515 1456 ἀπαυγάζοντι
538 1373 559 1458 ἢ
582 1384 734 1461 κηρωτῇ
757 1384 797 1462 τῇ
819 1377 901 1440 κατά
924 1375 1029 1459 κνίσης
1049 1373 1169 1460 έχούση
1188 1377 1291 1440 νόσου
1314 1376 1350 1440 τὸ
1375 1376 1476 1440 δύνα-

168 1477 249 1535 σθαι
268 1471 418 1555 ἀλείφειν
437 1473 496 1538 τὸν
515 1474 602 1537 πόδα
620 1474 815 1538 κελεύουσιν
833 1471 886 1558 50,
901 1470 1036 1536 36091).
1059 1473 1163 1557 τυρὸν
1183 1481 1272 1560 αυτῷ
1289 1483 1448 1557 τρῖψαι..
1468 1524 1475 1537 .

167 1566 221 1632 καί
245 1580 395 1656 κηρωτη
419 1569 575 1655 συμμῖξαι
600 1622 606 1635 .
631 1622 637 1635 .
662 1622 668 1634 .
697 1569 910 1657 ἐπιτρέπουσι
937 1571 1102 1656 μάρτυρες
1129 1568 1182 1653 51,
1197 1569 1325 1654 361316,
1353 1595 1475 1655 κηρω-

167 1675 233 1749 τῆς
265 1669 426 1753 φαρμάκῳ
459 1671 681 1754 προσηνωσαν
712 1668 766 1752 53,
784 1669 870 1732 3621
882 1668 918 1732 B.
959 1677 999 1754 τῇ
1031 1677 1088 1750 της
1120 1676 1295 1752 κηρωτης
1327 1666 1475 1733 έπιθέσει

169 1762 345 1842 διώξαντες
368 1762 425 1851 (aa.
443 1767 504 1849 τὴν
527 1763 714 1853 τύφλωσιν)
743 1765 795 1850 65,
810 1766 896 1831 3649
907 1766 943 1830 Β.
980 1774 1038 1848 της
1066 1767 1189 1841 οἰκείας
1216 1765 1326 1831 αὐτῶν
1353 1789 1476 1851 κηρω-

167 1870 235 1944 τῖης
258 1861 374 1949 ε’λαίῳ
397 1866 557 1946 λυθείσης
579 1873 625 1951 τῳ
643 1872 701 1947 τῆς
721 1862 918 1948 ἑπιτυμβίου
936 1864 1101 1947 καυδηλας
1120 1863 1232 1927 αὐτῶν
1249 1863 1476 1948 περιττεύοντι

168 1969 239 2034 τοῖς
271 1959 460 2044 ὀφθαλμοῖς
493 1959 617 2027 ἐνιέναι
648 1962 843 2027 κελεύουσιν
877 1960 932 2046 10,
951 1959 1085 2025 36694.
1128 1961 1166 2024 of.
1191 1959 1243 2043 36,
1262 1959 1351 2024 3560
1361 1958 1476 2046 0.1).Ῑ)

171 2055 285 2141 Neque
308 2079 384 2122 vero
408 2057 472 2122 mel
496 2058 597 2123 deest:
621 2059 731 2124 Marus
755 2059 911 2144 quaedam
934 2058 1041 2143 puella
1059 2058 1222 2122 vermibus
1246 2058 1371 2122 laborat
1394 2080 1476 2122 eam·
1536 2144 1539 2149 Ι

168 2177 230 2239 que
254 2155 359 2232 οὕτως
387 2157 419 2221 οἰ
446 2158 610 2243 μάρτυρες
637 2156 765 2241 μέλιτι
793 2163 893 2246 ύιλῳ
920 2157 1170 2243 θεραπεύουσιν
1196 2155 1246 2239 10,
1265 2154 1406 2232 3449Ι);
1437 2155 1475 2221 ef.

168 2253 198 2338 6,
213 2253 300 2317 3436
310 2253 348 2318 Α.
1560 2309 1566 2319 .

257 2350 372 2417 Subito
396 2358 551 2436 apparent
574 2357 744 2439 martyres,
772 2354 804 2418 id
833 2354 919 2436 quod
946 2354 1076 2437 proprie
1104 2352 1304 2438 significatur
1328 2351 1383 2414 illo
1408 2350 1476 2415 ἐπι-

169 2457 284 2533 στῆναι
308 2448 361 2536 (cf.
389 2473 419 2534 p.
441 2448 497 2538 11)
517 2452 643 2534 saepius
669 2451 814 2515 adhibito
838 2450 1047 2538 (ἐφίστανται
1071 2451 1100 2532 8,
1115 2447 1256 2533 34311),
1277 2450 1327 2533 18,
1341 2448 1475 2512 34161).

169 2546 351 2630 ἐπέστησαν
375 2549 404 2633 8,
420 2547 550 2615 34310.
593 2549 783 2625 ἐπιστάντες
806 2551 836 2630 9,
856 2546 997 2633 3448Α;
1029 2547 1082 2632 25,
1096 2545 1237 2631 34964,
1270 2545 1322 2630 35,
1337 2545 1476 2630 35443,

169 2643 220 2729 69,
236 2644 377 2731 3661ος
402 2646 453 2730 10,
468 2647 554 2712 3668
565 2645 622 2736 Β),
646 2648 753 2713 subito
778 2648 875 2711 etiam
899 2650 1100 2729 evanescunt,
1124 2646 1267 2710 avolant:
1290 2655 1393 2710 ταῦτα
1415 2697 1421 2709 .
1442 2696 1475 2708 ..

169 2741 319 2821 λέξαντες
342 2743 507 2830 ἀφανεῖς
531 2745 685 2832 ἀθρόως
709 2745 862 2829 ἐγένοντο
888 2747 938 2830 13,
953 2744 1040 2808 3465
1050 2742 1088 2808 Α.
1108 2742 1162 2809 καί
1182 2740 1363 2827 ταῦταμὲν
1382 2738 1476 2808 εἰπον

168 2841 204 2904 οί
227 2840 391 2928 μάρτυρες
422 2841 476 2907 καί
510 2845 658 2920 εἰπόντες
691 2843 916 2927 ἀπέπτησαν
944 2844 1000 2926 34,
1021 2841 1155 2906 35403.
1201 2840 1255 2906 καί
1283 2850 1386 2907 ταῦτα
1416 2837 1476 2924 μὲν

168 2937 239 3002 κατ’
265 2941 348 3026 ὄναρ
372 2942 519 3017 εἰπόντες
542 2943 575 3006 οἰ
598 2943 762 3027 μάρτυρες
785 2944 955 3024 έπτησαν
979 2938 1031 3024 35,
1046 2938 1134 3005 3544
1145 2937 1178 3004 0.
1201 2940 1303 3005 πάλιν
1326 2941 1370 3015 ὡς
1393 2940 1475 3022 ὄναρ

114 3047 117 3053 “
168 3034 394 3120 ἀπέπτησαν
416 3038 469 3122 43,
485 3038 621 3104 35881).

257 3132 510 3218 Nonnumquam
533 3140 690 3219 martyres
713 3139 869 3219 apparent
891 3135 1053 3220 fulgentes
1077 3131 1131 3220 (of.
1150 3157 1180 3217 p.
1203 3132 1244 3196 10
1255 3131 1329 3218 sq.):
1353 3122 1477 3217 ἀνδρας

169 3232 232 3315 γάρ
256 3233 394 3314 ἔβλεπεν
417 3231 589 3319 (Martyria
607 3230 778 3318 quaedam)
798 3231 833 3297 ἐκ
851 3234 965 3316 μόνων
983 3242 1050 3296 τῶν
1071 3233 1210 3315 ἰματίων
1233 3230 1477 3316 ἀστράπτον-

168 3351 235 3405 τας
258 3328 310 3413 21,
325 3329 459 3395 3484Β.
483 3331 634 3415 χλαμύδα
657 3340 773 3416 φορῶν
797 3329 1154 3415 ἀπαστράπτουσαν
1182 3329 1221 3392 de
1249 3327 1369 3393 Ioanne
1395 3350 1477 3390 mar-

168 3431 241 3511 tyre
261 3428 320 3492 sub
340 3430 445 3513 speeie
459 3428 547 3494 Petri
562 3427 772 3493 Aiexandrini
786 3428 1021 3513 praetoriorum
1046 3427 1174 3512 eparchi
1193 3428 1263 3491 viso
1279 3426 1331 3509 10,
1345 3425 1431 3491 3668
1443 3425 1476 3489 0.

169 3525 207 3589 ef.
236 3531 518 3611 λευχειμονοῦσαν
550 3526 655 3610 ἁγίων
687 3527 851 3612 δμηγυριν
884 3527 934 3608 11,
953 3525 1040 3590 3453
1050 3525 1087 3590 B.
1121 3525 1159 3590 ef.
1179 3524 1231 3608 38,
1250 3523 1388 3608 3569Β;
1426 3522 1476 3608 10,

170 3622 307 3688 36121).
344 3624 458 3710 Neque
481 3625 619 3709 ἠπιότης
643 3625 683 3688 iis
707 3625 797 3688 deest
816 3622 869 3710 (of.
888 3647 919 3707 p.
941 3622 1066 3710 llsq.):
1090 3627 1271 3708 φαίνονται
1293 3623 1477 3706 μειδιῶν-

168 3744 230 3797 τες
261 3721 317 3786 καί
349 3727 659 3809 προσπαίζοντες
694 3723 744 3808 12,
764 3721 900 3788 34604.
946 3722 1103 3805 Martyria
1134 3721 1222 3785 videt
1253 3724 1410 3803 martyres
1443 3720 1476 3782 in

168 3818 280 3883 eodem
318 3821 443 3886 somnio
485 3819 538 3907 (cf.
567 3819 678 3906 supra)
710 3817 905 3907 προσηνὲς
937 3819 1155 3904 βλέποντας
1186 3816 1241 3883 κα)
1278 3820 1476 3902 μειλίχιον

169 3917 221 4000 21,
236 3917 324 3982 3484
333 3917 369 3982 Β.
393 3921 600 4003 μειδιάσας
622 3920 661 3983 de
680 3918 781 3983 altero
804 3923 945 4002 martyre
964 3919 1017 4001 33,
1031 3917 1168 3982 35331).
1191 3917 1356 4002 μάρτυρες
1374 3938 1478 4001 παρα-

169 4014 304 4093 στάντες
316 4019 519 4084 καθεύδοντι
538 4019 669 4104 πράως
683 4017 767 4101 δμοῦ
778 4014 833 4081 καί
848 4026 1054 4102 προσηνῶς
1070 4011 1477 4097 διαλέγονται39,35121).

168 4219 227 4274 illic
245 4221 339 4275 crescit
357 4220 410 4274 otei
427 4220 531 4291 ἰίηκονο
546 4221 738 4290 perficiamur,
757 4220 799 4274 ita
821 4224 853 4273 αῖ
876 4235 1073 4290 ηαοοακηιιι
1096 4217 1170 4287 qaia
1193 4220 1349 4272 teneatur
1370 4215 1476 4282 insir-

167 4301 297 4367 ma'tate‚
315 4317 376 4355 cam
395 4316 428 4354 ea
446 4316 476 4356 eo
491 4307 641 4369 μωνυοῖκε
659 4301 753 4368 faerit,
771 4300 865 4354 εῖαῖῖνι
882 4300 1004 4369 fugiente
1022 4300 1084 4353 tabo
1098 4298 1311 4353 incolumitatem
1326 4296 1477 4363 μιίεῖῖιιανι

164 4386 324 4448 praestante
342 4381 464 4435 Βονιῖκο
486 4382 604 4449 recipere
621 4382 736 4451 possit<
757 4380 841 4432 —In
865 4378 930 4447 Cyri
952 4378 1122 4447 Ioannisque
1147 4394 1226 4431 sacro
1251 4375 1345 4429 oleum
1368 4374 1440 4427 illud
1460 4391 1476 4427 a

168 4459 264 4515 multis
283 4477 388 4530 eorum,
407 4460 456 4529 qui
476 4459 513 4514 ad
532 4477 657 4514 mensam
675 4459 853 4514 Dominioam
871 4476 927 4512 non
947 4457 1132 4526 accedebant,
1155 4473 1206 4527 pro
1226 4471 1340 4526 corpore
1364 4457 1394 4509 et
1413 4471 1475 4508 san·

168 4540 253 4609 guina
272 4540 376 4596 Christi
395 4540 566 4608 sumebatur,
586 4538 620 4594 ef.
636 4545 679 4610 36,
695 4539 845 4612 35531370.

259 4623 284 4690 1)
303 4621 359 4676 Ubi
383 4621 459 4675 illius
483 4620 628 4688 lueemae‚
655 4637 728 4688 quae
754 4622 819 4674 ante
846 4619 1000 4674 salvatoris
1027 4618 1150 4688 effigiem
1175 4617 1205 4670 in
1232 4615 1385 4685 Tetrapylo
1411 4615 1477 4670 Ale·

168 4700 306 4756 nandrino
325 4702 419 4772 andat,
439 4700 590 4756 adhibetur
608 4700 707 4756 oleum.

1226 4789 1261 4842 ,ι
