<?xml version="1.0" encoding="UTF-8"?>
<!DOCTYPE html PUBLIC "-//W3C//DTD XHTML 1.0 Transitional//EN"
    "http://www.w3.org/TR/xhtml1/DTD/xhtml1-transitional.dtd">
<html xmlns="http://www.w3.org/1999/xhtml" xml:lang="en" lang="en">
 <head>
  <title>
</title>
<meta http-equiv="Content-Type" content="text/html;charset=utf-8" />
  <meta name='ocr-system' content='tesseract 3.04.00' />
  <meta name='ocr-capabilities' content='ocr_page ocr_carea ocr_par ocr_line ocrx_word'/>
</head>
<body>
  <div class='ocr_page' id='page_1' title='image "./deincubationeca00deubgoog_0103.png"; bbox 0 0 3294 5190; ppageno 0'>
   <div class='ocr_carea' id='block_1_1' title="bbox 235 325 989 396">
    <p class='ocr_par' dir='ltr' id='par_1_1' title="bbox 235 325 989 396">
     <span class='ocr_line' id='line_1_1' title="bbox 235 325 989 396; baseline 0 -17"><span class='ocrx_word' id='word_1_1' title='bbox 235 329 278 393; x_wconf 85' lang='grc'>90</span> <span class='ocrx_word' id='word_1_2' title='bbox 806 325 897 396; x_wconf 88' lang='lat' dir='ltr'>Caput</span> <span class='ocrx_word' id='word_1_3' title='bbox 915 327 960 379; x_wconf 89' lang='lat' dir='ltr'><strong>IV.</strong></span> <span class='ocrx_word' id='word_1_4' title='bbox 985 388 989 395; x_wconf 26' lang='grc' dir='ltr'><strong><em>ι</em></strong></span> 
     </span>
    </p>
   </div>
   <div class='ocr_carea' id='block_1_2' title="bbox 230 488 1549 1854">
    <p class='ocr_par' dir='ltr' id='par_1_2' title="bbox 230 488 1549 1854">
     <span class='ocr_line' id='line_1_2' title="bbox 329 488 1549 574; baseline -0.001 -19"><span class='ocrx_word' id='word_1_5' title='bbox 329 490 514 574; x_wconf 81' lang='lat' dir='ltr'><strong>Apparebat</strong></span> <span class='ocrx_word' id='word_1_6' title='bbox 538 491 623 554; x_wconf 88' lang='lat' dir='ltr'>enim</span> <span class='ocrx_word' id='word_1_7' title='bbox 647 491 681 554; x_wconf 89' lang='lat' dir='ltr'>in</span> <span class='ocrx_word' id='word_1_8' title='bbox 707 490 777 554; x_wconf 90' lang='grc'>1166</span> <span class='ocrx_word' id='word_1_9' title='bbox 807 489 862 553; x_wconf 90' lang='grc'>1116</span> <span class='ocrx_word' id='word_1_10' title='bbox 890 512 989 573; x_wconf 86' lang='lat' dir='ltr'>prope</span> <span class='ocrx_word' id='word_1_11' title='bbox 1018 488 1184 574; x_wconf 81' lang='lat' dir='ltr'>Canopum</span> <span class='ocrx_word' id='word_1_12' title='bbox 1211 491 1273 554; x_wconf 90' lang='grc'>6116</span> <span class='ocrx_word' id='word_1_13' title='bbox 1302 490 1433 572; x_wconf 86' lang='lat' dir='ltr'>quidam</span> <span class='ocrx_word' id='word_1_14' title='bbox 1463 491 1549 555; x_wconf 91' lang='lat' dir='ltr'>eius-</span> 
     </span>
     <span class='ocr_line' id='line_1_3' title="bbox 234 587 1548 675; baseline 0 -21"><span class='ocrx_word' id='word_1_15' title='bbox 234 591 306 655; x_wconf 93' lang='lat' dir='ltr'>dem</span> <span class='ocrx_word' id='word_1_16' title='bbox 339 590 479 654; x_wconf 90' lang='lat' dir='ltr'>nominis</span> <span class='ocrx_word' id='word_1_17' title='bbox 516 589 653 652; x_wconf 90' lang='lat' dir='ltr'>daemon</span> <span class='ocrx_word' id='word_1_18' title='bbox 661 587 700 675; x_wconf 82' lang='lat'>¹),</span> <span class='ocrx_word' id='word_1_19' title='bbox 737 588 792 671; x_wconf 90' lang='lat' dir='ltr'>qui</span> <span class='ocrx_word' id='word_1_20' title='bbox 825 588 961 653; x_wconf 90' lang='lat' dir='ltr'>oraculis</span> <span class='ocrx_word' id='word_1_21' title='bbox 993 610 1052 653; x_wconf 92' lang='lat' dir='ltr'>nec</span> <span class='ocrx_word' id='word_1_22' title='bbox 1083 612 1148 653; x_wconf 91' lang='lat' dir='ltr'>non</span> <span class='ocrx_word' id='word_1_23' title='bbox 1180 588 1329 653; x_wconf 79' lang='lat' dir='ltr'>remediis</span> <span class='ocrx_word' id='word_1_24' title='bbox 1362 589 1548 654; x_wconf 74' lang='lat' dir='ltr'>indicandis</span> 
     </span>
     <span class='ocr_line' id='line_1_4' title="bbox 233 685 1548 771; baseline 0 -19"><span class='ocrx_word' id='word_1_25' title='bbox 233 688 479 753; x_wconf 88' lang='lat' dir='ltr'>christianorum</span> <span class='ocrx_word' id='word_1_26' title='bbox 512 709 638 770; x_wconf 92' lang='lat' dir='ltr'>quoque</span> <span class='ocrx_word' id='word_1_27' title='bbox 665 685 837 751; x_wconf 89' lang='lat' dir='ltr'>nonnullos</span> <span class='ocrx_word' id='word_1_28' title='bbox 865 709 884 750; x_wconf 90' lang='lat' dir='ltr'>a</span> <span class='ocrx_word' id='word_1_29' title='bbox 912 690 999 750; x_wconf 89' lang='grc'>16616</span> <span class='ocrx_word' id='word_1_30' title='bbox 1033 687 1086 751; x_wconf 91' lang='grc'>116</span> <span class='ocrx_word' id='word_1_31' title='bbox 1114 686 1306 751; x_wconf 78' lang='lat' dir='ltr'>declinabat:</span> <span class='ocrx_word' id='word_1_32' title='bbox 1334 689 1466 771; x_wconf 84' lang='grc' dir='ltr'><strong><em>δαίμων</em></strong></span> <span class='ocrx_word' id='word_1_33' title='bbox 1497 713 1548 764; x_wconf 91' lang='grc' dir='ltr'>τις</span> 
     </span>
     <span class='ocr_line' id='line_1_5' title="bbox 233 782 1547 872; baseline -0.001 -21"><span class='ocrx_word' id='word_1_34' title='bbox 233 787 370 871; x_wconf 80' lang='grc' dir='ltr'><em>ζοφερὸς</em></span> <span class='ocrx_word' id='word_1_35' title='bbox 393 784 448 850; x_wconf 89' lang='grc' dir='ltr'><strong><em>καί</em></strong></span> <span class='ocrx_word' id='word_1_36' title='bbox 473 784 655 868; x_wconf 78' lang='grc' dir='ltr'><strong><em>Αἰγύπτιος</em></strong></span> <span class='ocrx_word' id='word_1_37' title='bbox 681 784 877 868; x_wconf 78' lang='grc' dir='ltr'><em>ἀνεφαίνετο</em></span> <span class='ocrx_word' id='word_1_38' title='bbox 901 786 1085 868; x_wconf 82' lang='grc' dir='ltr'><strong><em>Μενουθὴς</em></strong></span> <span class='ocrx_word' id='word_1_39' title='bbox 1113 782 1363 872; x_wconf 82' lang='grc' dir='ltr'><strong><em>(1Μένονθις)</em></strong></span> <span class='ocrx_word' id='word_1_40' title='bbox 1392 787 1547 870; x_wconf 84' lang='grc' dir='ltr'><strong><em>τούνομα</em></strong></span> 
     </span>
     <span class='ocr_line' id='line_1_6' title="bbox 234 879 1547 968; baseline 0.001 -19"><span class='ocrx_word' id='word_1_41' title='bbox 234 882 350 968; x_wconf 83' lang='grc' dir='ltr'><strong><em>κώμην</em></strong></span> <span class='ocrx_word' id='word_1_42' title='bbox 372 885 473 948; x_wconf 91' lang='grc' dir='ltr'><strong><em>οἰκῶν</em></strong></span> <span class='ocrx_word' id='word_1_43' title='bbox 490 883 550 965; x_wconf 84' lang='grc' dir='ltr'><strong><em>τὴν</em></strong></span> <span class='ocrx_word' id='word_1_44' title='bbox 567 882 753 967; x_wconf 81' lang='grc' dir='ltr'><strong><em>ἐπώνυμον,</em></strong></span> <span class='ocrx_word' id='word_1_45' title='bbox 770 885 922 964; x_wconf 79' lang='grc' dir='ltr'><em>θήλεως</em></span> <span class='ocrx_word' id='word_1_46' title='bbox 938 884 1072 967; x_wconf 80' lang='grc' dir='ltr'><strong><em>μορφὴν</em></strong></span> <span class='ocrx_word' id='word_1_47' title='bbox 1092 884 1377 968; x_wconf 89' lang='grc' dir='ltr'><strong><em>προσποιούμενος</em></strong></span> <span class='ocrx_word' id='word_1_48' title='bbox 1388 935 1395 948; x_wconf 90' lang='grc'><strong>.</strong></span> <span class='ocrx_word' id='word_1_49' title='bbox 1406 879 1547 960; x_wconf 87' lang='grc' dir='ltr'><strong><em>..οὗτος</em></strong></span> 
     </span>
     <span class='ocr_line' id='line_1_7' title="bbox 235 980 1545 1070; baseline -0.001 -23"><span class='ocrx_word' id='word_1_50' title='bbox 235 982 252 1047; x_wconf 89' lang='grc' dir='ltr'>ὁ</span> <span class='ocrx_word' id='word_1_51' title='bbox 273 980 435 1065; x_wconf 82' lang='grc' dir='ltr'><strong><em>δαίμῶνό</em></strong></span> <span class='ocrx_word' id='word_1_52' title='bbox 452 981 620 1057; x_wconf 80' lang='grc' dir='ltr'><strong><em>σκοτεινὸς</em></strong></span> <span class='ocrx_word' id='word_1_53' title='bbox 639 981 683 1056; x_wconf 87' lang='grc' dir='ltr'><strong><em>ὡς</em></strong></span> <span class='ocrx_word' id='word_1_54' title='bbox 697 980 895 1063; x_wconf 77' lang='grc' dir='ltr'><strong><em>Αἰγύπτιος,</em></strong></span> <span class='ocrx_word' id='word_1_55' title='bbox 910 980 928 1045; x_wconf 87' lang='grc' dir='ltr'>ὁ</span> <span class='ocrx_word' id='word_1_56' title='bbox 944 981 1149 1067; x_wconf 78' lang='grc' dir='ltr'><strong><em>θηλύφρων</em></strong></span> <span class='ocrx_word' id='word_1_57' title='bbox 1168 980 1253 1065; x_wconf 81' lang='grc' dir='ltr'><strong><em>ὁμοῦ</em></strong></span> <span class='ocrx_word' id='word_1_58' title='bbox 1272 980 1327 1045; x_wconf 86' lang='grc' dir='ltr'>καὶ</span> <span class='ocrx_word' id='word_1_59' title='bbox 1347 983 1545 1070; x_wconf 91' lang='grc' dir='ltr'><strong><em>θηλύμορ-</em></strong></span> 
     </span>
     <span class='ocr_line' id='line_1_8' title="bbox 232 1077 1543 1167; baseline 0.002 -23"><span class='ocrx_word' id='word_1_60' title='bbox 232 1105 297 1163; x_wconf 90' lang='grc' dir='ltr'><strong><em>φος</em></strong></span> <span class='ocrx_word' id='word_1_61' title='bbox 327 1130 365 1144; x_wconf 92' lang='grc'>..</span> <span class='ocrx_word' id='word_1_62' title='bbox 394 1131 400 1143; x_wconf 90' lang='grc'><em>.</em></span> <span class='ocrx_word' id='word_1_63' title='bbox 432 1080 702 1165; x_wconf 83' lang='grc' dir='ltr'><strong><em>προφητεύειν</em></strong></span> <span class='ocrx_word' id='word_1_64' title='bbox 730 1077 786 1143; x_wconf 78' lang='grc' dir='ltr'>καὶ</span> <span class='ocrx_word' id='word_1_65' title='bbox 816 1081 959 1155; x_wconf 81' lang='grc' dir='ltr'><strong><em>νόσους</em></strong></span> <span class='ocrx_word' id='word_1_66' title='bbox 992 1080 1193 1165; x_wconf 81' lang='grc' dir='ltr'><strong><em>ἰατρεύειν</em></strong></span> <span class='ocrx_word' id='word_1_67' title='bbox 1221 1129 1228 1143; x_wconf 95' lang='grc'><strong>.</strong></span> <span class='ocrx_word' id='word_1_68' title='bbox 1258 1131 1264 1143; x_wconf 95' lang='grc'><strong>.</strong></span> <span class='ocrx_word' id='word_1_69' title='bbox 1293 1129 1300 1143; x_wconf 95' lang='grc'><strong>.</strong></span> <span class='ocrx_word' id='word_1_70' title='bbox 1329 1079 1543 1167; x_wconf 75' lang='grc' dir='ltr'><strong><em>ἐτερατεύετο</em></strong></span> 
     </span>
     <span class='ocr_line' id='line_1_9' title="bbox 232 1174 1544 1264; baseline 0 -21"><span class='ocrx_word' id='word_1_71' title='bbox 232 1179 402 1263; x_wconf 82' lang='grc' dir='ltr'><strong><em>φάσμασιν</em></strong></span> <span class='ocrx_word' id='word_1_72' title='bbox 426 1175 479 1260; x_wconf 84' lang='lat' dir='ltr'>Sp.</span> <span class='ocrx_word' id='word_1_73' title='bbox 498 1176 536 1241; x_wconf 85' lang='lat' dir='ltr'><strong>R.</strong></span> <span class='ocrx_word' id='word_1_74' title='bbox 555 1174 603 1240; x_wconf 92' lang='grc' dir='ltr'>ΠΙ</span> <span class='ocrx_word' id='word_1_75' title='bbox 623 1176 665 1239; x_wconf 87' lang='grc'>66</span> <span class='ocrx_word' id='word_1_76' title='bbox 677 1199 744 1260; x_wconf 88' lang='lat' dir='ltr'>sqq.</span> <span class='ocrx_word' id='word_1_77' title='bbox 760 1209 802 1229; x_wconf 92' lang='lat'>=</span> <span class='ocrx_word' id='word_1_78' title='bbox 816 1177 859 1241; x_wconf 89' lang='lat' dir='ltr'>M.</span> <span class='ocrx_word' id='word_1_79' title='bbox 875 1177 962 1240; x_wconf 82' lang='lat'>3409</span> <span class='ocrx_word' id='word_1_80' title='bbox 972 1177 1008 1241; x_wconf 93' lang='lat' dir='ltr'><strong>B.</strong></span> <span class='ocrx_word' id='word_1_81' title='bbox 1033 1175 1232 1264; x_wconf 82' lang='grc' dir='ltr'><strong><em>(Κανώπου)</em></strong></span> <span class='ocrx_word' id='word_1_82' title='bbox 1257 1176 1456 1260; x_wconf 80' lang='grc' dir='ltr'><strong><em>ἀφεστῶσαν</em></strong></span> <span class='ocrx_word' id='word_1_83' title='bbox 1479 1179 1544 1243; x_wconf 85' lang='grc' dir='ltr'>κῶ-</span> 
     </span>
     <span class='ocr_line' id='line_1_10' title="bbox 232 1268 1544 1364; baseline 0.002 -25"><span class='ocrx_word' id='word_1_84' title='bbox 232 1301 298 1360; x_wconf 94' lang='grc' dir='ltr'>μην</span> <span class='ocrx_word' id='word_1_85' title='bbox 321 1279 468 1359; x_wconf 84' lang='grc' dir='ltr'><strong><em>σημείοις</em></strong></span> <span class='ocrx_word' id='word_1_86' title='bbox 492 1276 553 1339; x_wconf 92' lang='grc' dir='ltr'>δύο</span> <span class='ocrx_word' id='word_1_87' title='bbox 577 1273 798 1361; x_wconf 69' lang='grc' dir='ltr'><strong><em>Μενουθῆ(1)</em></strong></span> <span class='ocrx_word' id='word_1_88' title='bbox 823 1270 910 1359; x_wconf 81' lang='grc' dir='ltr'><strong><em>εἶχεν</em></strong></span> <span class='ocrx_word' id='word_1_89' title='bbox 933 1275 1019 1340; x_wconf 78' lang='grc' dir='ltr'><strong><em>οὕτω</em></strong></span> <span class='ocrx_word' id='word_1_90' title='bbox 1042 1276 1250 1359; x_wconf 93' lang='grc' dir='ltr'><strong><em>καλούμενον</em></strong></span> <span class='ocrx_word' id='word_1_91' title='bbox 1273 1275 1428 1359; x_wconf 85' lang='grc' dir='ltr'><strong><em>εἰδωλον,</em></strong></span> <span class='ocrx_word' id='word_1_92' title='bbox 1454 1268 1544 1364; x_wconf 79' lang='grc' dir='ltr'>ένῷ</span> 
     </span>
     <span class='ocr_line' id='line_1_11' title="bbox 235 1366 1541 1461; baseline 0.001 -23"><span class='ocrx_word' id='word_1_93' title='bbox 235 1385 388 1459; x_wconf 81' lang='grc' dir='ltr'><strong><em>φανερῶς</em></strong></span> <span class='ocrx_word' id='word_1_94' title='bbox 412 1373 543 1460; x_wconf 79' lang='grc' dir='ltr'><strong><em>ἐνήργει</em></strong></span> <span class='ocrx_word' id='word_1_95' title='bbox 563 1375 602 1438; x_wconf 85' lang='grc' dir='ltr'><strong><em>τά</em></strong></span> <span class='ocrx_word' id='word_1_96' title='bbox 620 1375 791 1456; x_wconf 90' lang='grc' dir='ltr'><strong><em>πνεύματα</em></strong></span> <span class='ocrx_word' id='word_1_97' title='bbox 810 1373 863 1457; x_wconf 83' lang='lat' dir='ltr'>sp.</span> <span class='ocrx_word' id='word_1_98' title='bbox 883 1373 920 1437; x_wconf 87' lang='grc'>11.</span> <span class='ocrx_word' id='word_1_99' title='bbox 939 1373 987 1437; x_wconf 85' lang='lat' dir='ltr'>IV</span> <span class='ocrx_word' id='word_1_100' title='bbox 1001 1373 1067 1437; x_wconf 81' lang='lat'>240</span> <span class='ocrx_word' id='word_1_101' title='bbox 1084 1405 1126 1426; x_wconf 97' lang='lat'>=</span> <span class='ocrx_word' id='word_1_102' title='bbox 1141 1374 1184 1437; x_wconf 90' lang='lat' dir='ltr'>M.</span> <span class='ocrx_word' id='word_1_103' title='bbox 1199 1373 1336 1438; x_wconf 83' lang='grc'>36881).</span> <span class='ocrx_word' id='word_1_104' title='bbox 1360 1373 1397 1438; x_wconf 82' lang='grc' dir='ltr'>ἐν</span> <span class='ocrx_word' id='word_1_105' title='bbox 1415 1366 1443 1461; x_wconf 74' lang='grc' dir='ltr'><em>ᾦ</em></span> <span class='ocrx_word' id='word_1_106' title='bbox 1468 1377 1541 1461; x_wconf 84' lang='grc' dir='ltr'>γάρ</span> 
     </span>
     <span class='ocr_line' id='line_1_12' title="bbox 234 1470 1542 1560; baseline -0.001 -22"><span class='ocrx_word' id='word_1_107' title='bbox 234 1476 336 1560; x_wconf 82' lang='grc' dir='ltr'><strong><em>τόπςο</em></strong></span> <span class='ocrx_word' id='word_1_108' title='bbox 360 1473 508 1557; x_wconf 74' lang='grc' dir='ltr'><strong><em>ὑπῆρχεν</em></strong></span> <span class='ocrx_word' id='word_1_109' title='bbox 531 1473 568 1536; x_wconf 90' lang='grc' dir='ltr'><strong><em>τὸ</em></strong></span> <span class='ocrx_word' id='word_1_110' title='bbox 598 1483 664 1536; x_wconf 90' lang='grc' dir='ltr'><strong><em>τῶν</em></strong></span> <span class='ocrx_word' id='word_1_111' title='bbox 692 1471 797 1554; x_wconf 83' lang='grc' dir='ltr'><strong><em>ἁγίων</em></strong></span> <span class='ocrx_word' id='word_1_112' title='bbox 825 1473 942 1556; x_wconf 90' lang='grc' dir='ltr'><strong><em>Κύρου</em></strong></span> <span class='ocrx_word' id='word_1_113' title='bbox 969 1470 1024 1536; x_wconf 86' lang='grc' dir='ltr'>καὶ</span> <span class='ocrx_word' id='word_1_114' title='bbox 1050 1470 1207 1536; x_wconf 85' lang='grc' dir='ltr'><strong><em>Ἰωάννου</em></strong></span> <span class='ocrx_word' id='word_1_115' title='bbox 1237 1472 1426 1558; x_wconf 79' lang='grc' dir='ltr'><strong><em>εὐκτηριον,</em></strong></span> <span class='ocrx_word' id='word_1_116' title='bbox 1456 1474 1542 1559; x_wconf 91' lang='grc' dir='ltr'><strong><em>πρὸς</em></strong></span> 
     </span>
     <span class='ocr_line' id='line_1_13' title="bbox 232 1569 1542 1655; baseline -0.001 -18"><span class='ocrx_word' id='word_1_117' title='bbox 232 1583 304 1648; x_wconf 89' lang='grc' dir='ltr'><strong><em>ταῖς</em></strong></span> <span class='ocrx_word' id='word_1_118' title='bbox 322 1572 466 1655; x_wconf 77' lang='grc' dir='ltr'><strong><em>ψάμμοις</em></strong></span> <span class='ocrx_word' id='word_1_119' title='bbox 486 1571 614 1653; x_wconf 85' lang='grc' dir='ltr'><strong><em>δαίμων</em></strong></span> <span class='ocrx_word' id='word_1_120' title='bbox 632 1569 820 1654; x_wconf 77' lang='grc' dir='ltr'><strong><em>ἀκάθαρτος</em></strong></span> <span class='ocrx_word' id='word_1_121' title='bbox 839 1569 1076 1654; x_wconf 83' lang='grc' dir='ltr'><strong><em>ἐπεφαίνετο</em></strong></span> <span class='ocrx_word' id='word_1_122' title='bbox 1097 1569 1133 1634; x_wconf 88' lang='grc' dir='ltr'>έν</span> <span class='ocrx_word' id='word_1_123' title='bbox 1152 1572 1232 1634; x_wconf 88' lang='grc' dir='ltr'><strong><em>εἰδει</em></strong></span> <span class='ocrx_word' id='word_1_124' title='bbox 1250 1575 1414 1653; x_wconf 81' lang='grc' dir='ltr'><strong><em>θηλείας</em></strong></span> <span class='ocrx_word' id='word_1_125' title='bbox 1432 1582 1542 1636; x_wconf 92' lang='grc' dir='ltr'><strong><em>ποιῶν</em></strong></span> 
     </span>
     <span class='ocr_line' id='line_1_14' title="bbox 231 1666 1542 1753; baseline 0.001 -20"><span class='ocrx_word' id='word_1_126' title='bbox 231 1673 414 1753; x_wconf 87' lang='grc' dir='ltr'><strong><em>φαντασίας</em></strong></span> <span class='ocrx_word' id='word_1_127' title='bbox 445 1670 569 1744; x_wconf 87' lang='grc' dir='ltr'><strong><em>πολλάς</em></strong></span> <span class='ocrx_word' id='word_1_128' title='bbox 598 1666 653 1731; x_wconf 88' lang='grc' dir='ltr'><strong><em>καί</em></strong></span> <span class='ocrx_word' id='word_1_129' title='bbox 683 1671 871 1751; x_wconf 89' lang='grc' dir='ltr'><strong><em>μαντείας</em></strong></span> <span class='ocrx_word' id='word_1_130' title='bbox 900 1669 1009 1733; x_wconf 92' lang='grc' dir='ltr'><strong><em>δοκῶν</em></strong></span> <span class='ocrx_word' id='word_1_131' title='bbox 1037 1666 1146 1750; x_wconf 90' lang='grc' dir='ltr'><strong><em>λέγειν</em></strong></span> <span class='ocrx_word' id='word_1_132' title='bbox 1170 1720 1176 1732; x_wconf 95' lang='grc'><strong>.</strong></span> <span class='ocrx_word' id='word_1_133' title='bbox 1201 1719 1207 1734; x_wconf 93' lang='grc'><strong>.</strong></span> <span class='ocrx_word' id='word_1_134' title='bbox 1232 1719 1238 1733; x_wconf 90' lang='grc'><strong>.</strong></span> <span class='ocrx_word' id='word_1_135' title='bbox 1267 1667 1322 1733; x_wconf 84' lang='grc' dir='ltr'>καὶ</span> <span class='ocrx_word' id='word_1_136' title='bbox 1351 1668 1542 1752; x_wconf 84' lang='grc' dir='ltr'><strong><em>ἐπιταγάς</em></strong></span> 
     </span>
     <span class='ocr_line' id='line_1_15' title="bbox 230 1763 1542 1854; baseline 0.001 -22"><span class='ocrx_word' id='word_1_137' title='bbox 230 1792 332 1832; x_wconf 87' lang='grc' dir='ltr'><strong><em>τινων</em></strong></span> <span class='ocrx_word' id='word_1_138' title='bbox 361 1764 579 1850; x_wconf 83' lang='grc' dir='ltr'><strong><em>φαρμάκων</em></strong></span> <span class='ocrx_word' id='word_1_139' title='bbox 613 1769 865 1851; x_wconf 87' lang='grc' dir='ltr'><strong><em>τερατευόμενος</em></strong></span> <span class='ocrx_word' id='word_1_140' title='bbox 896 1819 902 1831; x_wconf 88' lang='grc'><strong>,</strong></span> <span class='ocrx_word' id='word_1_141' title='bbox 931 1819 938 1830; x_wconf 93' lang='grc'>.</span> <span class='ocrx_word' id='word_1_142' title='bbox 967 1818 973 1830; x_wconf 93' lang='grc'><strong>.</strong></span> <span class='ocrx_word' id='word_1_143' title='bbox 1005 1766 1214 1849; x_wconf 84' lang='grc' dir='ltr'><strong><em>έπωνόμαζον</em></strong></span> <span class='ocrx_word' id='word_1_144' title='bbox 1247 1763 1283 1831; x_wconf 71' lang='grc' dir='ltr'>δὲ</span> <span class='ocrx_word' id='word_1_145' title='bbox 1315 1767 1395 1832; x_wconf 89' lang='grc' dir='ltr'><strong><em>αὐτὸ</em></strong></span> <span class='ocrx_word' id='word_1_146' title='bbox 1425 1764 1484 1854; x_wconf 85' lang='lat' dir='ltr'>(sc.</span> <span class='ocrx_word' id='word_1_147' title='bbox 1503 1770 1542 1833; x_wconf 89' lang='grc' dir='ltr'><strong><em>τὸ</em></strong></span> 
     </span>
    </p>
   </div>
   <div class='ocr_carea' id='block_1_3' title="bbox 233 1863 1540 1951">
    <p class='ocr_par' dir='ltr' id='par_1_3' title="bbox 233 1863 1540 1951">
     <span class='ocr_line' id='line_1_16' title="bbox 233 1863 1540 1951; baseline 0.002 -22"><span class='ocrx_word' id='word_1_148' title='bbox 233 1863 421 1950; x_wconf 88' lang='grc' dir='ltr'><strong><em>δαιμόνιον)</em></strong></span> <span class='ocrx_word' id='word_1_149' title='bbox 437 1865 473 1929; x_wconf 88' lang='grc' dir='ltr'>οί</span> <span class='ocrx_word' id='word_1_150' title='bbox 485 1865 664 1947; x_wconf 85' lang='grc' dir='ltr'><strong><em>Αἰγύπτιοι</em></strong></span> <span class='ocrx_word' id='word_1_151' title='bbox 683 1863 902 1951; x_wconf 75' lang='grc' dir='ltr'><strong><em>Μενουθη(“1)</em></strong></span> <span class='ocrx_word' id='word_1_152' title='bbox 923 1863 975 1948; x_wconf 81' lang='lat' dir='ltr'>Sp.</span> <span class='ocrx_word' id='word_1_153' title='bbox 995 1864 1032 1927; x_wconf 89' lang='lat' dir='ltr'><strong>R.</strong></span> <span class='ocrx_word' id='word_1_154' title='bbox 1052 1863 1099 1928; x_wconf 92' lang='lat' dir='ltr'>lV</span> <span class='ocrx_word' id='word_1_155' title='bbox 1117 1864 1182 1928; x_wconf 78' lang='lat'>245</span> <span class='ocrx_word' id='word_1_156' title='bbox 1193 1886 1238 1947; x_wconf 90' lang='lat' dir='ltr'>sq.</span> <span class='ocrx_word' id='word_1_157' title='bbox 1255 1896 1297 1917; x_wconf 97' lang='lat'>=</span> <span class='ocrx_word' id='word_1_158' title='bbox 1312 1864 1354 1929; x_wconf 88' lang='lat' dir='ltr'>M.</span> <span class='ocrx_word' id='word_1_159' title='bbox 1366 1864 1455 1930; x_wconf 85' lang='lat'><strong>3693</strong></span> <span class='ocrx_word' id='word_1_160' title='bbox 1463 1864 1540 1931; x_wconf 78' lang='lat' dir='ltr'><strong>RO.</strong></span> 
     </span>
    </p>
   </div>
   <div class='ocr_carea' id='block_1_4' title="bbox 231 1963 1641 2047">
    <p class='ocr_par' dir='ltr' id='par_1_4' title="bbox 231 1963 1641 2047">
     <span class='ocr_line' id='line_1_17' title="bbox 231 1963 1641 2047; baseline 0.001 -20"><span class='ocrx_word' id='word_1_161' title='bbox 231 1963 429 2028; x_wconf 80' lang='lat' dir='ltr'>Christianos</span> <span class='ocrx_word' id='word_1_162' title='bbox 463 1985 588 2047; x_wconf 92' lang='lat' dir='ltr'>quoque</span> <span class='ocrx_word' id='word_1_163' title='bbox 616 1987 635 2027; x_wconf 97' lang='grc'>6</span> <span class='ocrx_word' id='word_1_164' title='bbox 662 1963 829 2027; x_wconf 88' lang='lat' dir='ltr'>daemonio</span> <span class='ocrx_word' id='word_1_165' title='bbox 858 1963 914 2027; x_wconf 92' lang='lat' dir='ltr'>illo</span> <span class='ocrx_word' id='word_1_166' title='bbox 944 1963 1098 2047; x_wconf 78' lang='lat' dir='ltr'>pellectos</span> <span class='ocrx_word' id='word_1_167' title='bbox 1127 1984 1196 2026; x_wconf 90' lang='lat' dir='ltr'>esse</span> <span class='ocrx_word' id='word_1_168' title='bbox 1225 1963 1338 2026; x_wconf 88' lang='lat' dir='ltr'>iisdem</span> <span class='ocrx_word' id='word_1_169' title='bbox 1368 1963 1542 2029; x_wconf 79' lang='lat' dir='ltr'>exhibetur</span> <span class='ocrx_word' id='word_1_170' title='bbox 1639 2002 1641 2021; x_wconf 68' lang='grc' dir='ltr'><strong><em>ι</em></strong></span> 
     </span>
    </p>
   </div>
   <div class='ocr_carea' id='block_1_5' title="bbox 231 2058 1541 2147">
    <p class='ocr_par' dir='ltr' id='par_1_5' title="bbox 231 2058 1541 2147">
     <span class='ocr_line' id='line_1_18' title="bbox 231 2058 1541 2147; baseline 0.001 -21"><span class='ocrx_word' id='word_1_171' title='bbox 231 2062 388 2126; x_wconf 85' lang='lat' dir='ltr'>fontibus:</span> <span class='ocrx_word' id='word_1_172' title='bbox 407 2065 553 2138; x_wconf 86' lang='grc' dir='ltr'><strong><em>πολλοὺς</em></strong></span> <span class='ocrx_word' id='word_1_173' title='bbox 571 2063 608 2125; x_wconf 91' lang='grc' dir='ltr'><strong><em>τὸ</em></strong></span> <span class='ocrx_word' id='word_1_174' title='bbox 629 2058 776 2145; x_wconf 72' lang='grc' dir='ltr'><strong><em>εἰδεχθὲς</em></strong></span> <span class='ocrx_word' id='word_1_175' title='bbox 794 2071 892 2127; x_wconf 88' lang='grc' dir='ltr'><strong><em>τοῦτο</em></strong></span> <span class='ocrx_word' id='word_1_176' title='bbox 913 2064 1088 2146; x_wconf 90' lang='grc' dir='ltr'><strong><em>δαιμόνιον</em></strong></span> <span class='ocrx_word' id='word_1_177' title='bbox 1106 2073 1177 2138; x_wconf 89' lang='grc' dir='ltr'><strong><em>ταῖς</em></strong></span> <span class='ocrx_word' id='word_1_178' title='bbox 1194 2059 1334 2137; x_wconf 81' lang='grc' dir='ltr'><strong><em>ἀπάταις</em></strong></span> <span class='ocrx_word' id='word_1_179' title='bbox 1351 2061 1541 2147; x_wconf 84' lang='grc' dir='ltr'><strong><em>παρέσυρεν</em></strong></span> 
     </span>
    </p>
   </div>
   <div class='ocr_carea' id='block_1_6' title="bbox 233 2157 1641 2245">
    <p class='ocr_par' dir='ltr' id='par_1_6' title="bbox 233 2157 1641 2245">
     <span class='ocr_line' id='line_1_19' title="bbox 233 2157 1641 2245; baseline -0.001 -20"><span class='ocrx_word' id='word_1_180' title='bbox 233 2159 288 2225; x_wconf 83' lang='grc' dir='ltr'>καὶ</span> <span class='ocrx_word' id='word_1_181' title='bbox 312 2165 575 2243; x_wconf 79' lang='grc' dir='ltr'><strong><em>προσκαλεῖσθαι</em></strong></span> <span class='ocrx_word' id='word_1_182' title='bbox 599 2157 633 2245; x_wconf 86' lang='lat' dir='ltr'>(l.</span> <span class='ocrx_word' id='word_1_183' title='bbox 657 2167 915 2245; x_wconf 77' lang='grc' dir='ltr'><strong><em>προσκαθῆσθαι</em></strong></span> <span class='ocrx_word' id='word_1_184' title='bbox 939 2159 1038 2224; x_wconf 73' lang='lat' dir='ltr'>‘aram</span> <span class='ocrx_word' id='word_1_185' title='bbox 1063 2211 1069 2224; x_wconf 92' lang='lat'><strong>.</strong></span> <span class='ocrx_word' id='word_1_186' title='bbox 1094 2211 1100 2223; x_wconf 98' lang='lat'><strong>.</strong></span> <span class='ocrx_word' id='word_1_187' title='bbox 1125 2211 1131 2223; x_wconf 92' lang='lat'><strong>.</strong></span> <span class='ocrx_word' id='word_1_188' title='bbox 1154 2159 1303 2223; x_wconf 89' lang='lat' dir='ltr'>residere&#39;</span> <span class='ocrx_word' id='word_1_189' title='bbox 1327 2160 1360 2224; x_wconf 92' lang='lat' dir='ltr'>in</span> <span class='ocrx_word' id='word_1_190' title='bbox 1386 2160 1542 2244; x_wconf 79' lang='lat' dir='ltr'>interpre</span> <span class='ocrx_word' id='word_1_191' title='bbox 1639 2178 1641 2187; x_wconf 91' lang='grc'><strong><em>·</em></strong></span> 
     </span>
    </p>
   </div>
   <div class='ocr_carea' id='block_1_7' title="bbox 228 2256 1545 3822">
    <p class='ocr_par' dir='ltr' id='par_1_7' title="bbox 228 2256 1545 3822">
     <span class='ocr_line' id='line_1_20' title="bbox 231 2256 1543 2346; baseline 0.002 -24"><span class='ocrx_word' id='word_1_192' title='bbox 231 2260 353 2324; x_wconf 89' lang='lat' dir='ltr'>tatione</span> <span class='ocrx_word' id='word_1_193' title='bbox 390 2256 505 2344; x_wconf 82' lang='lat' dir='ltr'>latina)</span> <span class='ocrx_word' id='word_1_194' title='bbox 543 2259 647 2323; x_wconf 84' lang='grc' dir='ltr'><strong><em>αὐτοῦ</em></strong></span> <span class='ocrx_word' id='word_1_195' title='bbox 684 2267 729 2345; x_wconf 76' lang='grc' dir='ltr'><strong><em>τῷ</em></strong></span> <span class='ocrx_word' id='word_1_196' title='bbox 771 2262 870 2346; x_wconf 77' lang='grc' dir='ltr'><strong><em>βωμῷ</em></strong></span> <span class='ocrx_word' id='word_1_197' title='bbox 907 2257 1016 2323; x_wconf 78' lang='grc' dir='ltr'><strong><em>ἐλπίδι</em></strong></span> <span class='ocrx_word' id='word_1_198' title='bbox 1053 2258 1206 2343; x_wconf 82' lang='grc' dir='ltr'><strong><em>ῥώσεως</em></strong></span> <span class='ocrx_word' id='word_1_199' title='bbox 1237 2257 1257 2341; x_wconf 76' lang='grc' dir='ltr'><em>ἧ</em></span> <span class='ocrx_word' id='word_1_200' title='bbox 1292 2263 1543 2343; x_wconf 90' lang='grc' dir='ltr'><strong><em>προφητείας</em></strong></span> 
     </span>
     <span class='ocr_line' id='line_1_21' title="bbox 232 2353 1542 2445; baseline 0.001 -23"><span class='ocrx_word' id='word_1_201' title='bbox 232 2356 420 2439; x_wconf 84' lang='grc' dir='ltr'><strong><em>ἀνέπειθεν,</em></strong></span> <span class='ocrx_word' id='word_1_202' title='bbox 445 2357 485 2421; x_wconf 90' lang='grc' dir='ltr'>ού</span> <span class='ocrx_word' id='word_1_203' title='bbox 508 2359 614 2441; x_wconf 92' lang='grc' dir='ltr'><strong><em>μόνον</em></strong></span> <span class='ocrx_word' id='word_1_204' title='bbox 637 2353 834 2421; x_wconf 86' lang='grc' dir='ltr'><strong><em>ἀπιστοῦσιν</em></strong></span> <span class='ocrx_word' id='word_1_205' title='bbox 857 2354 892 2444; x_wconf 85' lang='lat' dir='ltr'>(l.</span> <span class='ocrx_word' id='word_1_206' title='bbox 912 2354 1085 2442; x_wconf 85' lang='grc' dir='ltr'><strong><em>ἀπίστους)</em></strong></span> <span class='ocrx_word' id='word_1_207' title='bbox 1104 2354 1159 2420; x_wconf 87' lang='grc' dir='ltr'>καὶ</span> <span class='ocrx_word' id='word_1_208' title='bbox 1177 2357 1283 2439; x_wconf 90' lang='grc' dir='ltr'><strong><em>πάντη</em></strong></span> <span class='ocrx_word' id='word_1_209' title='bbox 1303 2357 1381 2432; x_wconf 82' lang='grc' dir='ltr'><strong><em>τοὺς</em></strong></span> <span class='ocrx_word' id='word_1_210' title='bbox 1399 2356 1434 2442; x_wconf 90' lang='lat' dir='ltr'>(l.</span> <span class='ocrx_word' id='word_1_211' title='bbox 1455 2356 1542 2445; x_wconf 88' lang='grc' dir='ltr'><strong><em>τοῖς)</em></strong></span> 
     </span>
     <span class='ocr_line' id='line_1_22' title="bbox 230 2452 1542 2540; baseline 0.002 -21"><span class='ocrx_word' id='word_1_212' title='bbox 230 2457 333 2521; x_wconf 87' lang='grc' dir='ltr'><strong><em>αὐτοῦ</em></strong></span> <span class='ocrx_word' id='word_1_213' title='bbox 353 2452 611 2540; x_wconf 81' lang='grc' dir='ltr'><strong><em>προσκειμένους</em></strong></span> <span class='ocrx_word' id='word_1_214' title='bbox 629 2456 859 2538; x_wconf 81' lang='grc' dir='ltr'><strong><em>κελεύσμασιν,</em></strong></span> <span class='ocrx_word' id='word_1_215' title='bbox 882 2453 965 2520; x_wconf 85' lang='grc' dir='ltr'><strong><em>ἀλλὰ</em></strong></span> <span class='ocrx_word' id='word_1_216' title='bbox 984 2452 1038 2518; x_wconf 86' lang='grc' dir='ltr'><strong><em>καί</em></strong></span> <span class='ocrx_word' id='word_1_217' title='bbox 1057 2457 1194 2530; x_wconf 88' lang='grc' dir='ltr'><strong><em>πιστοὺς</em></strong></span> <span class='ocrx_word' id='word_1_218' title='bbox 1216 2452 1271 2518; x_wconf 83' lang='grc' dir='ltr'>καὶ</span> <span class='ocrx_word' id='word_1_219' title='bbox 1291 2459 1473 2540; x_wconf 86' lang='grc' dir='ltr'><strong><em>Χριστοῦ</em></strong></span> <span class='ocrx_word' id='word_1_220' title='bbox 1496 2457 1542 2521; x_wconf 85' lang='grc' dir='ltr'><strong><em>τὰ</em></strong></span> 
     </span>
     <span class='ocr_line' id='line_1_23' title="bbox 230 2550 1545 2639; baseline 0.002 -22"><span class='ocrx_word' id='word_1_221' title='bbox 230 2555 410 2639; x_wconf 85' lang='grc' dir='ltr'><strong><em>σύμβολα</em></strong></span> <span class='ocrx_word' id='word_1_222' title='bbox 439 2550 636 2638; x_wconf 85' lang='grc' dir='ltr'><strong><em>φέροντας</em></strong></span> <span class='ocrx_word' id='word_1_223' title='bbox 660 2551 713 2636; x_wconf 87' lang='lat' dir='ltr'>Sp.</span> <span class='ocrx_word' id='word_1_224' title='bbox 732 2552 770 2616; x_wconf 85' lang='lat' dir='ltr'><strong>R.</strong></span> <span class='ocrx_word' id='word_1_225' title='bbox 789 2551 837 2616; x_wconf 90' lang='grc' dir='ltr'>ΙΠ</span> <span class='ocrx_word' id='word_1_226' title='bbox 857 2552 899 2616; x_wconf 87' lang='grc'>69</span> <span class='ocrx_word' id='word_1_227' title='bbox 920 2585 961 2606; x_wconf 94' lang='lat'><strong><em>=</em></strong></span> <span class='ocrx_word' id='word_1_228' title='bbox 984 2552 1027 2617; x_wconf 90' lang='lat' dir='ltr'>M.</span> <span class='ocrx_word' id='word_1_229' title='bbox 1047 2551 1190 2634; x_wconf 79' lang='lat' dir='ltr'><strong>3409sq.</strong></span> <span class='ocrx_word' id='word_1_230' title='bbox 1215 2554 1474 2638; x_wconf 60' lang='lat' dir='ltr'>penetraveris</span> <span class='ocrx_word' id='word_1_231' title='bbox 1505 2554 1545 2619; x_wconf 91' lang='grc' dir='ltr'><strong><em>τέ</em></strong></span> 
     </span>
     <span class='ocr_line' id='line_1_24' title="bbox 229 2649 1544 2736; baseline 0.002 -21"><span class='ocrx_word' id='word_1_232' title='bbox 229 2676 321 2726; x_wconf 93' lang='grc' dir='ltr'><strong><em>τινας</em></strong></span> <span class='ocrx_word' id='word_1_233' title='bbox 345 2649 579 2735; x_wconf 83' lang='grc' dir='ltr'><strong><em>ἁπλουστέρων</em></strong></span> <span class='ocrx_word' id='word_1_234' title='bbox 608 2649 711 2715; x_wconf 85' lang='grc' dir='ltr'><strong><em>ἐκεῖσε</em></strong></span> <span class='ocrx_word' id='word_1_235' title='bbox 734 2652 898 2736; x_wconf 88' lang='grc' dir='ltr'><strong><em>προφάσει</em></strong></span> <span class='ocrx_word' id='word_1_236' title='bbox 923 2652 1078 2735; x_wconf 81' lang='grc' dir='ltr'><strong><em>ῥώσεως</em></strong></span> <span class='ocrx_word' id='word_1_237' title='bbox 1106 2651 1372 2735; x_wconf 85' lang='grc' dir='ltr'><strong><em>αὐτομολοῦντας</em></strong></span> <span class='ocrx_word' id='word_1_238' title='bbox 1401 2649 1544 2730; x_wconf 78' lang='grc' dir='ltr'><strong><em>ἐκκόψαι</em></strong></span> 
     </span>
     <span class='ocr_line' id='line_1_25' title="bbox 230 2742 1543 2836; baseline 0.003 -24"><span class='ocrx_word' id='word_1_239' title='bbox 230 2747 384 2834; x_wconf 77' lang='grc' dir='ltr'><strong><em>(φροντὶς</em></strong></span> <span class='ocrx_word' id='word_1_240' title='bbox 408 2742 450 2829; x_wconf 76' lang='grc' dir='ltr'>ἦν</span> <span class='ocrx_word' id='word_1_241' title='bbox 472 2747 643 2836; x_wconf 80' lang='grc' dir='ltr'><strong><em>Κυρίλλῳ)</em></strong></span> <span class='ocrx_word' id='word_1_242' title='bbox 665 2747 718 2831; x_wconf 82' lang='lat' dir='ltr'>Sp.</span> <span class='ocrx_word' id='word_1_243' title='bbox 737 2747 775 2812; x_wconf 89' lang='lat' dir='ltr'>R.</span> <span class='ocrx_word' id='word_1_244' title='bbox 794 2747 842 2812; x_wconf 84' lang='lat' dir='ltr'>IV</span> <span class='ocrx_word' id='word_1_245' title='bbox 856 2748 922 2812; x_wconf 78' lang='lat'>240</span> <span class='ocrx_word' id='word_1_246' title='bbox 942 2781 983 2800; x_wconf 93' lang='lat'><strong><em>=</em></strong></span> <span class='ocrx_word' id='word_1_247' title='bbox 1003 2749 1046 2813; x_wconf 91' lang='lat' dir='ltr'>M.</span> <span class='ocrx_word' id='word_1_248' title='bbox 1062 2748 1148 2812; x_wconf 80' lang='lat'><strong>3688</strong></span> <span class='ocrx_word' id='word_1_249' title='bbox 1159 2749 1198 2813; x_wconf 89' lang='lat' dir='ltr'><strong>D.</strong></span> <span class='ocrx_word' id='word_1_250' title='bbox 1217 2746 1335 2814; x_wconf 80' lang='grc' dir='ltr'><strong><em>πολλοὶ</em></strong></span> <span class='ocrx_word' id='word_1_251' title='bbox 1354 2743 1417 2814; x_wconf 81' lang='grc' dir='ltr'>οὖν</span> <span class='ocrx_word' id='word_1_252' title='bbox 1438 2747 1543 2816; x_wconf 83' lang='grc' dir='ltr'><strong><em>ἑάλω-</em></strong></span> 
     </span>
     <span class='ocr_line' id='line_1_26' title="bbox 232 2845 1542 2933; baseline 0 -22"><span class='ocrx_word' id='word_1_253' title='bbox 232 2865 295 2911; x_wconf 91' lang='grc' dir='ltr'><strong><em>σαν</em></strong></span> <span class='ocrx_word' id='word_1_254' title='bbox 318 2855 357 2931; x_wconf 76' lang='grc' dir='ltr'><strong><em>τη</em></strong></span> <span class='ocrx_word' id='word_1_255' title='bbox 380 2855 441 2911; x_wconf 91' lang='grc' dir='ltr'><strong><em>τοῦ</em></strong></span> <span class='ocrx_word' id='word_1_256' title='bbox 464 2855 613 2930; x_wconf 89' lang='grc' dir='ltr'><strong><em>πονηροῦ</em></strong></span> <span class='ocrx_word' id='word_1_257' title='bbox 636 2847 822 2930; x_wconf 89' lang='grc' dir='ltr'><strong><em>πνεύματος</em></strong></span> <span class='ocrx_word' id='word_1_258' title='bbox 844 2847 1051 2933; x_wconf 88' lang='grc' dir='ltr'><strong><em>κεκρυμμένη</em></strong></span> <span class='ocrx_word' id='word_1_259' title='bbox 1074 2849 1189 2929; x_wconf 92' lang='grc' dir='ltr'><strong><em>παγίδι</em></strong></span> <span class='ocrx_word' id='word_1_260' title='bbox 1214 2846 1266 2931; x_wconf 85' lang='lat' dir='ltr'>Sp.</span> <span class='ocrx_word' id='word_1_261' title='bbox 1285 2847 1323 2912; x_wconf 81' lang='lat' dir='ltr'><strong>R.</strong></span> <span class='ocrx_word' id='word_1_262' title='bbox 1342 2845 1390 2911; x_wconf 93' lang='lat' dir='ltr'>IV</span> <span class='ocrx_word' id='word_1_263' title='bbox 1408 2848 1477 2911; x_wconf 78' lang='lat'>246</span> <span class='ocrx_word' id='word_1_264' title='bbox 1498 2881 1542 2902; x_wconf 96' lang='lat'><strong><em>=</em></strong></span> 
     </span>
     <span class='ocr_line' id='line_1_27' title="bbox 231 2942 1544 3031; baseline 0.004 -25"><span class='ocrx_word' id='word_1_265' title='bbox 231 2944 274 3008; x_wconf 90' lang='lat' dir='ltr'>M.</span> <span class='ocrx_word' id='word_1_266' title='bbox 294 2942 425 3007; x_wconf 77' lang='lat'><strong>36930.</strong></span> <span class='ocrx_word' id='word_1_267' title='bbox 473 2943 559 3019; x_wconf 83' lang='lat' dir='ltr'>Quae</span> <span class='ocrx_word' id='word_1_268' title='bbox 583 2965 656 3007; x_wconf 93' lang='lat' dir='ltr'>cum</span> <span class='ocrx_word' id='word_1_269' title='bbox 680 2945 725 3007; x_wconf 92' lang='lat' dir='ltr'>ita</span> <span class='ocrx_word' id='word_1_270' title='bbox 748 2948 863 3027; x_wconf 89' lang='lat' dir='ltr'>essent,</span> <span class='ocrx_word' id='word_1_271' title='bbox 888 2944 1026 3029; x_wconf 79' lang='lat' dir='ltr'>Cyrillus</span> <span class='ocrx_word' id='word_1_272' title='bbox 1057 2946 1225 3028; x_wconf 88' lang='lat' dir='ltr'>episcopus</span> <span class='ocrx_word' id='word_1_273' title='bbox 1248 2945 1353 3008; x_wconf 91' lang='lat' dir='ltr'>Deum</span> <span class='ocrx_word' id='word_1_274' title='bbox 1383 2946 1544 3031; x_wconf 81' lang='lat' dir='ltr'>adoravit,</span> 
     </span>
     <span class='ocr_line' id='line_1_28' title="bbox 230 3041 1543 3127; baseline 0.005 -23"><span class='ocrx_word' id='word_1_275' title='bbox 230 3046 266 3104; x_wconf 91' lang='lat' dir='ltr'>ut</span> <span class='ocrx_word' id='word_1_276' title='bbox 294 3041 413 3104; x_wconf 90' lang='lat' dir='ltr'>malum</span> <span class='ocrx_word' id='word_1_277' title='bbox 438 3041 517 3105; x_wconf 91' lang='lat' dir='ltr'>illud</span> <span class='ocrx_word' id='word_1_278' title='bbox 547 3042 741 3126; x_wconf 90' lang='lat' dir='ltr'>opprimeret</span> <span class='ocrx_word' id='word_1_279' title='bbox 769 3044 994 3126; x_wconf 78' lang='lat' dir='ltr'>daemonioque</span> <span class='ocrx_word' id='word_1_280' title='bbox 1023 3044 1191 3127; x_wconf 83' lang='lat' dir='ltr'>phasmata</span> <span class='ocrx_word' id='word_1_281' title='bbox 1221 3045 1407 3108; x_wconf 88' lang='lat' dir='ltr'>destrueret.</span> <span class='ocrx_word' id='word_1_282' title='bbox 1456 3044 1543 3110; x_wconf 83' lang='lat' dir='ltr'>Tum</span> 
     </span>
     <span class='ocr_line' id='line_1_29' title="bbox 228 3139 1545 3227; baseline 0.004 -23"><span class='ocrx_word' id='word_1_283' title='bbox 228 3144 326 3205; x_wconf 90' lang='lat' dir='ltr'>noctu</span> <span class='ocrx_word' id='word_1_284' title='bbox 342 3141 371 3204; x_wconf 91' lang='lat' dir='ltr'>ei</span> <span class='ocrx_word' id='word_1_285' title='bbox 385 3140 556 3204; x_wconf 85' lang='lat' dir='ltr'>dormienti</span> <span class='ocrx_word' id='word_1_286' title='bbox 571 3140 720 3224; x_wconf 87' lang='lat' dir='ltr'>apparuit</span> <span class='ocrx_word' id='word_1_287' title='bbox 739 3141 872 3227; x_wconf 84' lang='lat' dir='ltr'>angelus</span> <span class='ocrx_word' id='word_1_288' title='bbox 886 3142 1018 3206; x_wconf 89' lang='lat' dir='ltr'>Domini</span> <span class='ocrx_word' id='word_1_289' title='bbox 1034 3140 1171 3225; x_wconf 78' lang='lat' dir='ltr'>Cyrique</span> <span class='ocrx_word' id='word_1_290' title='bbox 1178 3139 1204 3227; x_wconf 74' lang='lat'>²)</span> <span class='ocrx_word' id='word_1_291' title='bbox 1225 3142 1377 3224; x_wconf 85' lang='lat' dir='ltr'>reliquias</span> <span class='ocrx_word' id='word_1_292' title='bbox 1401 3165 1417 3206; x_wconf 89' lang='lat' dir='ltr'>e</span> <span class='ocrx_word' id='word_1_293' title='bbox 1436 3142 1545 3209; x_wconf 88' lang='lat' dir='ltr'>Marci</span> 
     </span>
     <span class='ocr_line' id='line_1_30' title="bbox 232 3237 1545 3326; baseline 0.005 -25"><span class='ocrx_word' id='word_1_294' title='bbox 232 3261 321 3303; x_wconf 91' lang='lat' dir='ltr'>sacro</span> <span class='ocrx_word' id='word_1_295' title='bbox 346 3237 563 3304; x_wconf 83' lang='lat' dir='ltr'>Alexandrino</span> <span class='ocrx_word' id='word_1_296' title='bbox 588 3240 622 3303; x_wconf 91' lang='lat' dir='ltr'>in</span> <span class='ocrx_word' id='word_1_297' title='bbox 645 3240 912 3326; x_wconf 83' lang='lat' dir='ltr'>evangelistarum</span> <span class='ocrx_word' id='word_1_298' title='bbox 940 3241 1105 3304; x_wconf 85' lang='lat' dir='ltr'>transferri</span> <span class='ocrx_word' id='word_1_299' title='bbox 1133 3241 1228 3304; x_wconf 88' lang='lat' dir='ltr'>iussit</span> <span class='ocrx_word' id='word_1_300' title='bbox 1257 3239 1427 3325; x_wconf 80' lang='lat' dir='ltr'>templum,</span> <span class='ocrx_word' id='word_1_301' title='bbox 1453 3243 1545 3324; x_wconf 92' lang='lat' dir='ltr'>quod</span> 
     </span>
     <span class='ocr_line' id='line_1_31' title="bbox 231 3334 1544 3422; baseline 0.006 -23"><span class='ocrx_word' id='word_1_302' title='bbox 231 3335 429 3419; x_wconf 86' lang='lat' dir='ltr'>Theophilus</span> <span class='ocrx_word' id='word_1_303' title='bbox 453 3338 614 3418; x_wconf 91' lang='lat' dir='ltr'>quondam</span> <span class='ocrx_word' id='word_1_304' title='bbox 634 3339 801 3422; x_wconf 90' lang='lat' dir='ltr'>episcopus</span> <span class='ocrx_word' id='word_1_305' title='bbox 821 3334 1058 3403; x_wconf 83' lang='lat' dir='ltr'>Alexandrinus</span> <span class='ocrx_word' id='word_1_306' title='bbox 1078 3339 1112 3402; x_wconf 91' lang='lat' dir='ltr'>in</span> <span class='ocrx_word' id='word_1_307' title='bbox 1135 3362 1172 3402; x_wconf 94' lang='lat' dir='ltr'>eo</span> <span class='ocrx_word' id='word_1_308' title='bbox 1192 3339 1262 3422; x_wconf 91' lang='lat' dir='ltr'>ipso</span> <span class='ocrx_word' id='word_1_309' title='bbox 1281 3339 1352 3404; x_wconf 84' lang='lat' dir='ltr'>vico</span> <span class='ocrx_word' id='word_1_310' title='bbox 1370 3338 1544 3407; x_wconf 88' lang='lat' dir='ltr'>Menuthis</span> 
     </span>
     <span class='ocr_line' id='line_1_32' title="bbox 230 3436 1545 3521; baseline 0.004 -22"><span class='ocrx_word' id='word_1_311' title='bbox 230 3436 498 3518; x_wconf 82' lang='lat' dir='ltr'>exaedificaverat,</span> <span class='ocrx_word' id='word_1_312' title='bbox 521 3436 577 3498; x_wconf 93' lang='lat' dir='ltr'>ubi</span> <span class='ocrx_word' id='word_1_313' title='bbox 602 3436 804 3500; x_wconf 89' lang='lat' dir='ltr'>daemonium</span> <span class='ocrx_word' id='word_1_314' title='bbox 834 3436 1033 3521; x_wconf 81' lang='lat' dir='ltr'>versabatur3</span> <span class='ocrx_word' id='word_1_315' title='bbox 1062 3460 1125 3519; x_wconf 93' lang='lat' dir='ltr'>quo</span> <span class='ocrx_word' id='word_1_316' title='bbox 1153 3439 1238 3501; x_wconf 87' lang='lat' dir='ltr'>facto</span> <span class='ocrx_word' id='word_1_317' title='bbox 1269 3437 1301 3501; x_wconf 95' lang='lat' dir='ltr'>id</span> <span class='ocrx_word' id='word_1_318' title='bbox 1332 3437 1463 3521; x_wconf 91' lang='lat' dir='ltr'>quidem</span> <span class='ocrx_word' id='word_1_319' title='bbox 1489 3439 1545 3505; x_wconf 91' lang='lat' dir='ltr'>de-</span> 
     </span>
     <span class='ocr_line' id='line_1_33' title="bbox 229 3532 1544 3622; baseline 0.003 -24"><span class='ocrx_word' id='word_1_320' title='bbox 229 3536 350 3599; x_wconf 81' lang='lat' dir='ltr'>victum</span> <span class='ocrx_word' id='word_1_321' title='bbox 375 3535 422 3599; x_wconf 87' lang='lat' dir='ltr'>iri.</span> <span class='ocrx_word' id='word_1_322' title='bbox 469 3532 609 3617; x_wconf 81' lang='lat' dir='ltr'>Cyrillus</span> <span class='ocrx_word' id='word_1_323' title='bbox 633 3557 705 3599; x_wconf 91' lang='lat' dir='ltr'>cum</span> <span class='ocrx_word' id='word_1_324' title='bbox 729 3536 851 3599; x_wconf 90' lang='lat' dir='ltr'>iussum</span> <span class='ocrx_word' id='word_1_325' title='bbox 876 3539 1043 3598; x_wconf 82' lang='lat' dir='ltr'>exsecutus</span> <span class='ocrx_word' id='word_1_326' title='bbox 1072 3533 1147 3619; x_wconf 82' lang='lat' dir='ltr'>Cyri</span> <span class='ocrx_word' id='word_1_327' title='bbox 1178 3535 1358 3620; x_wconf 91' lang='lat' dir='ltr'>sepulcrum</span> <span class='ocrx_word' id='word_1_328' title='bbox 1389 3537 1544 3622; x_wconf 85' lang='lat' dir='ltr'>aperiret,</span> 
     </span>
     <span class='ocr_line' id='line_1_34' title="bbox 230 3632 1544 3718; baseline 0.004 -22"><span class='ocrx_word' id='word_1_329' title='bbox 230 3633 436 3697; x_wconf 89' lang='lat' dir='ltr'>coniunctum</span> <span class='ocrx_word' id='word_1_330' title='bbox 447 3654 519 3696; x_wconf 91' lang='lat' dir='ltr'>cum</span> <span class='ocrx_word' id='word_1_331' title='bbox 535 3655 571 3696; x_wconf 96' lang='lat' dir='ltr'>eo</span> <span class='ocrx_word' id='word_1_332' title='bbox 583 3633 705 3697; x_wconf 87' lang='lat' dir='ltr'>invenit</span> <span class='ocrx_word' id='word_1_333' title='bbox 716 3632 876 3697; x_wconf 91' lang='lat' dir='ltr'>loannem.</span> <span class='ocrx_word' id='word_1_334' title='bbox 899 3632 1080 3716; x_wconf 89' lang='lat' dir='ltr'>Utrumque</span> <span class='ocrx_word' id='word_1_335' title='bbox 1097 3634 1197 3718; x_wconf 84' lang='lat' dir='ltr'>igitur</span> <span class='ocrx_word' id='word_1_336' title='bbox 1210 3655 1325 3717; x_wconf 88' lang='lat' dir='ltr'>corpus</span> <span class='ocrx_word' id='word_1_337' title='bbox 1340 3655 1413 3697; x_wconf 92' lang='lat' dir='ltr'>cum</span> <span class='ocrx_word' id='word_1_338' title='bbox 1423 3635 1544 3701; x_wconf 89' lang='lat' dir='ltr'>multis</span> 
     </span>
     <span class='ocr_line' id='line_1_35' title="bbox 230 3729 1543 3822; baseline 0.004 -27"><span class='ocrx_word' id='word_1_339' title='bbox 230 3730 352 3795; x_wconf 88' lang='lat' dir='ltr'>clericis</span> <span class='ocrx_word' id='word_1_340' title='bbox 367 3732 400 3794; x_wconf 93' lang='lat' dir='ltr'>in</span> <span class='ocrx_word' id='word_1_341' title='bbox 424 3730 693 3816; x_wconf 83' lang='lat' dir='ltr'>evangelistarum</span> <span class='ocrx_word' id='word_1_342' title='bbox 716 3732 874 3815; x_wconf 91' lang='lat' dir='ltr'>templum</span> <span class='ocrx_word' id='word_1_343' title='bbox 896 3732 1127 3814; x_wconf 81' lang='lat' dir='ltr'>transportavit</span> <span class='ocrx_word' id='word_1_344' title='bbox 1135 3729 1161 3819; x_wconf 82' lang='lat'>³)</span> <span class='ocrx_word' id='word_1_345' title='bbox 1186 3731 1294 3814; x_wconf 87' lang='lat' dir='ltr'>ibique</span> <span class='ocrx_word' id='word_1_346' title='bbox 1312 3731 1543 3822; x_wconf 80' lang='lat' dir='ltr'>recondidit4).</span> 
     </span>
    </p>
   </div>
   <div class='ocr_carea' id='block_1_8' title="bbox 228 3915 1545 4790">
    <p class='ocr_par' dir='ltr' id='par_1_8' title="bbox 229 3915 1545 4467">
     <span class='ocr_line' id='line_1_36' title="bbox 322 3915 1543 3986; baseline 0.006 -18"><span class='ocrx_word' id='word_1_347' title='bbox 322 3917 347 3984; x_wconf 85' lang='lat'>1)</span> <span class='ocrx_word' id='word_1_348' title='bbox 367 3915 452 3970; x_wconf 88' lang='lat' dir='ltr'>Vicus</span> <span class='ocrx_word' id='word_1_349' title='bbox 472 3934 489 3970; x_wconf 91' lang='lat' dir='ltr'>a</span> <span class='ocrx_word' id='word_1_350' title='bbox 510 3917 646 3970; x_wconf 89' lang='lat' dir='ltr'>daemone</span> <span class='ocrx_word' id='word_1_351' title='bbox 669 3933 771 3969; x_wconf 91' lang='lat' dir='ltr'>nomen</span> <span class='ocrx_word' id='word_1_352' title='bbox 790 3915 872 3970; x_wconf 84' lang='lat' dir='ltr'>duxit</span> <span class='ocrx_word' id='word_1_353' title='bbox 890 3917 1043 3971; x_wconf 88' lang='lat' dir='ltr'>secundum</span> <span class='ocrx_word' id='word_1_354' title='bbox 1066 3916 1111 3986; x_wconf 85' lang='lat' dir='ltr'>Sp.</span> <span class='ocrx_word' id='word_1_355' title='bbox 1131 3917 1163 3971; x_wconf 85' lang='lat' dir='ltr'><strong>R.</strong></span> <span class='ocrx_word' id='word_1_356' title='bbox 1183 3917 1283 3971; x_wconf 78' lang='lat' dir='ltr'>1V241</span> <span class='ocrx_word' id='word_1_357' title='bbox 1308 3944 1340 3961; x_wconf 94' lang='lat'>=</span> <span class='ocrx_word' id='word_1_358' title='bbox 1359 3917 1396 3970; x_wconf 87' lang='lat' dir='ltr'><strong>M.</strong></span> <span class='ocrx_word' id='word_1_359' title='bbox 1416 3923 1489 3973; x_wconf 86' lang='grc'>3689</span> <span class='ocrx_word' id='word_1_360' title='bbox 1501 3921 1543 3975; x_wconf 83' lang='grc' dir='ltr'>Α;</span> 
     </span>
     <span class='ocr_line' id='line_1_37' title="bbox 229 3993 1544 4070; baseline 0.005 -21"><span class='ocrx_word' id='word_1_361' title='bbox 229 3993 301 4049; x_wconf 69' lang='lat' dir='ltr'>ollem</span> <span class='ocrx_word' id='word_1_362' title='bbox 323 3997 370 4066; x_wconf 88' lang='grc'>(66.</span> <span class='ocrx_word' id='word_1_363' title='bbox 390 3995 547 4064; x_wconf 85' lang='grc' dir='ltr'><strong><em>Μένοοθις,</em></strong></span> <span class='ocrx_word' id='word_1_364' title='bbox 567 3997 738 4050; x_wconf 88' lang='lat' dir='ltr'>antecedunt</span> <span class='ocrx_word' id='word_1_365' title='bbox 757 3997 787 4051; x_wconf 79' lang='grc' dir='ltr'>ἐν</span> <span class='ocrx_word' id='word_1_366' title='bbox 805 4005 838 4068; x_wconf 77' lang='grc' dir='ltr'><strong><em>τῇ</em></strong></span> <span class='ocrx_word' id='word_1_367' title='bbox 857 4001 996 4069; x_wconf 80' lang='grc' dir='ltr'><strong><em>Μενουθῇ</em></strong></span> <span class='ocrx_word' id='word_1_368' title='bbox 1016 3997 1205 4068; x_wconf 69' lang='grc' dir='ltr'><strong><em>[Μενούθιῖ])</em></strong></span> <span class='ocrx_word' id='word_1_369' title='bbox 1228 3996 1281 4066; x_wconf 77' lang='grc' dir='ltr'>γὰρ</span> <span class='ocrx_word' id='word_1_370' title='bbox 1304 3996 1352 4050; x_wconf 86' lang='grc' dir='ltr'><strong><em>καί</em></strong></span> <span class='ocrx_word' id='word_1_371' title='bbox 1369 3996 1422 4066; x_wconf 82' lang='grc' dir='ltr'><strong><em>τὴν</em></strong></span> <span class='ocrx_word' id='word_1_372' title='bbox 1441 4000 1544 4070; x_wconf 77' lang='grc' dir='ltr'><strong><em>κώμην</em></strong></span> 
     </span>
     <span class='ocr_line' id='line_1_38' title="bbox 232 4074 1544 4150; baseline 0.005 -21"><span class='ocrx_word' id='word_1_373' title='bbox 232 4075 377 4145; x_wconf 82' lang='grc' dir='ltr'><strong><em>ὠνόμαζον</em></strong></span> <span class='ocrx_word' id='word_1_374' title='bbox 396 4076 475 4130; x_wconf 86' lang='grc' dir='ltr'><strong><em>αἰδοῖ</em></strong></span> <span class='ocrx_word' id='word_1_375' title='bbox 492 4078 541 4130; x_wconf 81' lang='grc' dir='ltr'>καὶ</span> <span class='ocrx_word' id='word_1_376' title='bbox 564 4074 667 4150; x_wconf 81' lang='grc' dir='ltr'><strong><em>φίλτρῳ</em></strong></span> <span class='ocrx_word' id='word_1_377' title='bbox 691 4086 739 4147; x_wconf 82' lang='grc' dir='ltr'>τῆς</span> <span class='ocrx_word' id='word_1_378' title='bbox 758 4075 898 4146; x_wconf 89' lang='grc' dir='ltr'><strong><em>δαίμονος.</em></strong></span> <span class='ocrx_word' id='word_1_379' title='bbox 938 4078 971 4131; x_wconf 88' lang='lat' dir='ltr'>cf.</span> <span class='ocrx_word' id='word_1_380' title='bbox 992 4077 1037 4145; x_wconf 84' lang='lat' dir='ltr'>sp.</span> <span class='ocrx_word' id='word_1_381' title='bbox 1057 4077 1089 4128; x_wconf 82' lang='lat' dir='ltr'><strong>R.</strong></span> <span class='ocrx_word' id='word_1_382' title='bbox 1104 4075 1209 4128; x_wconf 64' lang='grc'>111146</span> <span class='ocrx_word' id='word_1_383' title='bbox 1224 4103 1258 4121; x_wconf 86' lang='lat'>=</span> <span class='ocrx_word' id='word_1_384' title='bbox 1273 4075 1309 4130; x_wconf 91' lang='lat' dir='ltr'>M.</span> <span class='ocrx_word' id='word_1_385' title='bbox 1325 4075 1438 4132; x_wconf 80' lang='lat'>36930:</span> <span class='ocrx_word' id='word_1_386' title='bbox 1464 4077 1544 4136; x_wconf 74' lang='grc' dir='ltr'><strong><em>οὕτω</em></strong></span> 
     </span>
     <span class='ocr_line' id='line_1_39' title="bbox 229 4154 1545 4226; baseline 0.005 -16"><span class='ocrx_word' id='word_1_387' title='bbox 229 4156 282 4225; x_wconf 79' lang='grc' dir='ltr'>γὰρ</span> <span class='ocrx_word' id='word_1_388' title='bbox 301 4156 352 4211; x_wconf 85' lang='grc' dir='ltr'><strong><em>τὸν</em></strong></span> <span class='ocrx_word' id='word_1_389' title='bbox 370 4155 459 4211; x_wconf 87' lang='grc' dir='ltr'><strong><em>τόπον</em></strong></span> <span class='ocrx_word' id='word_1_390' title='bbox 482 4156 581 4210; x_wconf 86' lang='grc' dir='ltr'><strong><em>λοιπὸν</em></strong></span> <span class='ocrx_word' id='word_1_391' title='bbox 605 4158 634 4211; x_wconf 82' lang='grc' dir='ltr'>ἐκ</span> <span class='ocrx_word' id='word_1_392' title='bbox 657 4166 706 4212; x_wconf 91' lang='grc' dir='ltr'><strong><em>τοῦ</em></strong></span> <span class='ocrx_word' id='word_1_393' title='bbox 731 4157 952 4226; x_wconf 76' lang='grc' dir='ltr'><strong><em>ἐπιφαινομένου</em></strong></span> <span class='ocrx_word' id='word_1_394' title='bbox 978 4154 1113 4224; x_wconf 88' lang='grc' dir='ltr'><strong><em>δαίμονος</em></strong></span> <span class='ocrx_word' id='word_1_395' title='bbox 1137 4155 1322 4224; x_wconf 78' lang='grc' dir='ltr'><strong><em>ἐπωνόμαζον.</em></strong></span> <span class='ocrx_word' id='word_1_396' title='bbox 1360 4155 1464 4211; x_wconf 82' lang='lat' dir='ltr'>Verius</span> <span class='ocrx_word' id='word_1_397' title='bbox 1484 4161 1545 4216; x_wconf 88' lang='lat' dir='ltr'>erit</span> 
     </span>
     <span class='ocr_line' id='line_1_40' title="bbox 230 4236 1545 4309; baseline 0.004 -18"><span class='ocrx_word' id='word_1_398' title='bbox 230 4237 413 4304; x_wconf 66' lang='lat' dir='ltr'>contrarium</span> <span class='ocrx_word' id='word_1_399' title='bbox 436 4254 460 4288; x_wconf 86' lang='grc'>1.</span> <span class='ocrx_word' id='word_1_400' title='bbox 485 4236 567 4291; x_wconf 87' lang='lat' dir='ltr'>infra.</span> <span class='ocrx_word' id='word_1_401' title='bbox 592 4269 625 4277; x_wconf 91' lang='lat'>-</span> <span class='ocrx_word' id='word_1_402' title='bbox 648 4239 823 4304; x_wconf 53' lang='lat' dir='ltr'>„Menouthis</span> <span class='ocrx_word' id='word_1_403' title='bbox 846 4239 919 4309; x_wconf 78' lang='grc' dir='ltr'><strong><em>ηαοιί</em></strong></span> <span class='ocrx_word' id='word_1_404' title='bbox 942 4238 1027 4291; x_wconf 78' lang='lat' dir='ltr'>latiae</span> <span class='ocrx_word' id='word_1_405' title='bbox 1049 4237 1227 4292; x_wconf 78' lang='lat' dir='ltr'>simulacrum</span> <span class='ocrx_word' id='word_1_406' title='bbox 1250 4236 1391 4291; x_wconf 76' lang='grc'>(16666616</span> <span class='ocrx_word' id='word_1_407' title='bbox 1413 4237 1545 4296; x_wconf 65' lang='lat' dir='ltr'>dieitw‘</span> 
     </span>
     <span class='ocr_line' id='line_1_41' title="bbox 229 4315 1542 4386; baseline 0.008 -18"><span class='ocrx_word' id='word_1_408' title='bbox 229 4317 258 4371; x_wconf 94' lang='lat' dir='ltr'>P.</span> <span class='ocrx_word' id='word_1_409' title='bbox 274 4317 304 4371; x_wconf 92' lang='lat' dir='ltr'>P.</span> <span class='ocrx_word' id='word_1_410' title='bbox 320 4318 365 4386; x_wconf 86' lang='lat' dir='ltr'>Sp.</span> <span class='ocrx_word' id='word_1_411' title='bbox 381 4316 463 4371; x_wconf 71' lang='grc'>1611</span> <span class='ocrx_word' id='word_1_412' title='bbox 477 4323 537 4371; x_wconf 77' lang='lat'><strong>280.</strong></span> <span class='ocrx_word' id='word_1_413' title='bbox 549 4349 582 4357; x_wconf 92' lang='lat'><em>-</em></span> <span class='ocrx_word' id='word_1_414' title='bbox 596 4317 638 4371; x_wconf 88' lang='lat' dir='ltr'>De</span> <span class='ocrx_word' id='word_1_415' title='bbox 657 4317 861 4372; x_wconf 87' lang='lat' dir='ltr'>daemonibus</span> <span class='ocrx_word' id='word_1_416' title='bbox 876 4316 984 4371; x_wconf 88' lang='lat' dir='ltr'>ibidem</span> <span class='ocrx_word' id='word_1_417' title='bbox 998 4315 1195 4370; x_wconf 85' lang='lat' dir='ltr'>habitantibus</span> <span class='ocrx_word' id='word_1_418' title='bbox 1209 4316 1335 4386; x_wconf 87' lang='lat' dir='ltr'>loquitur</span> <span class='ocrx_word' id='word_1_419' title='bbox 1349 4317 1422 4373; x_wconf 84' lang='lat' dir='ltr'>Patr.</span> <span class='ocrx_word' id='word_1_420' title='bbox 1438 4319 1542 4378; x_wconf 85' lang='lat' dir='ltr'>Parth.</span> 
     </span>
     <span class='ocr_line' id='line_1_42' title="bbox 230 4395 449 4467; baseline 0.014 -20"><span class='ocrx_word' id='word_1_421' title='bbox 230 4395 321 4467; x_wconf 61' lang='lat' dir='ltr'>spa.</span> <span class='ocrx_word' id='word_1_422' title='bbox 336 4397 375 4450; x_wconf 85' lang='lat' dir='ltr'>IV</span> <span class='ocrx_word' id='word_1_423' title='bbox 390 4400 449 4451; x_wconf 79' lang='lat'><strong>280.</strong></span> 
     </span>
    </p>

    <p class='ocr_par' dir='ltr' id='par_1_9' title="bbox 318 4476 1068 4548">
     <span class='ocr_line' id='line_1_43' title="bbox 318 4476 1068 4548; baseline 0 -18"><span class='ocrx_word' id='word_1_424' title='bbox 318 4480 345 4548; x_wconf 81' lang='lat'>2)</span> <span class='ocrx_word' id='word_1_425' title='bbox 365 4476 430 4545; x_wconf 82' lang='lat' dir='ltr'>Gyri</span> <span class='ocrx_word' id='word_1_426' title='bbox 449 4479 483 4530; x_wconf 87' lang='lat' dir='ltr'>et</span> <span class='ocrx_word' id='word_1_427' title='bbox 500 4477 612 4531; x_wconf 91' lang='lat' dir='ltr'>Ioannis</span> <span class='ocrx_word' id='word_1_428' title='bbox 632 4478 676 4548; x_wconf 88' lang='lat' dir='ltr'>Sp.</span> <span class='ocrx_word' id='word_1_429' title='bbox 691 4478 722 4532; x_wconf 86' lang='lat' dir='ltr'><strong>R.</strong></span> <span class='ocrx_word' id='word_1_430' title='bbox 738 4478 777 4532; x_wconf 89' lang='lat' dir='ltr'>IV</span> <span class='ocrx_word' id='word_1_431' title='bbox 791 4483 843 4531; x_wconf 80' lang='lat'>246</span> <span class='ocrx_word' id='word_1_432' title='bbox 858 4504 891 4523; x_wconf 95' lang='lat'>=</span> <span class='ocrx_word' id='word_1_433' title='bbox 906 4477 943 4530; x_wconf 87' lang='lat' dir='ltr'>M.</span> <span class='ocrx_word' id='word_1_434' title='bbox 959 4477 1068 4532; x_wconf 85' lang='grc'>36931),</span> 
     </span>
    </p>

    <p class='ocr_par' dir='ltr' id='par_1_10' title="bbox 319 4556 1481 4630">
     <span class='ocr_line' id='line_1_44' title="bbox 319 4556 1481 4630; baseline 0.003 -20"><span class='ocrx_word' id='word_1_435' title='bbox 319 4560 345 4627; x_wconf 85' lang='grc'>3)</span> <span class='ocrx_word' id='word_1_436' title='bbox 366 4557 396 4611; x_wconf 78' lang='grc' dir='ltr'>ἐν</span> <span class='ocrx_word' id='word_1_437' title='bbox 415 4561 558 4626; x_wconf 85' lang='grc' dir='ltr'><strong><em>καθαραῖς</em></strong></span> <span class='ocrx_word' id='word_1_438' title='bbox 577 4556 708 4613; x_wconf 89' lang='grc' dir='ltr'><strong><em>συνδόσιν</em></strong></span> <span class='ocrx_word' id='word_1_439' title='bbox 728 4556 838 4625; x_wconf 79' lang='grc' dir='ltr'><strong><em>εἰλήσας</em></strong></span> <span class='ocrx_word' id='word_1_440' title='bbox 856 4557 901 4626; x_wconf 81' lang='lat' dir='ltr'>Sp.</span> <span class='ocrx_word' id='word_1_441' title='bbox 916 4557 948 4611; x_wconf 86' lang='lat' dir='ltr'><strong>R.</strong></span> <span class='ocrx_word' id='word_1_442' title='bbox 963 4557 1002 4610; x_wconf 79' lang='lat' dir='ltr'>IV</span> <span class='ocrx_word' id='word_1_443' title='bbox 1016 4562 1067 4612; x_wconf 78' lang='lat'>247</span> <span class='ocrx_word' id='word_1_444' title='bbox 1079 4586 1112 4603; x_wconf 96' lang='lat'><strong><em>=</em></strong></span> <span class='ocrx_word' id='word_1_445' title='bbox 1122 4558 1158 4611; x_wconf 93' lang='lat' dir='ltr'>M.</span> <span class='ocrx_word' id='word_1_446' title='bbox 1171 4557 1322 4630; x_wconf 74' lang='lat' dir='ltr'><strong>3696AJB.</strong></span> <span class='ocrx_word' id='word_1_447' title='bbox 1342 4557 1377 4611; x_wconf 85' lang='lat' dir='ltr'>ef.</span> <span class='ocrx_word' id='word_1_448' title='bbox 1392 4575 1419 4627; x_wconf 84' lang='lat' dir='ltr'>p.</span> <span class='ocrx_word' id='word_1_449' title='bbox 1437 4564 1481 4614; x_wconf 75' lang='grc'>25.</span> 
     </span>
    </p>

    <p class='ocr_par' dir='ltr' id='par_1_11' title="bbox 228 4636 1545 4790">
     <span class='ocr_line' id='line_1_45' title="bbox 319 4636 1544 4714; baseline 0.004 -24"><span class='ocrx_word' id='word_1_450' title='bbox 319 4640 345 4706; x_wconf 83' lang='grc'>4)</span> <span class='ocrx_word' id='word_1_451' title='bbox 365 4636 501 4691; x_wconf 87' lang='lat' dir='ltr'>Nonnihil</span> <span class='ocrx_word' id='word_1_452' title='bbox 529 4637 669 4698; x_wconf 83' lang='lat' dir='ltr'>diversum</span> <span class='ocrx_word' id='word_1_453' title='bbox 694 4637 770 4706; x_wconf 91' lang='lat' dir='ltr'>quod</span> <span class='ocrx_word' id='word_1_454' title='bbox 798 4636 873 4706; x_wconf 89' lang='lat' dir='ltr'>apud</span> <span class='ocrx_word' id='word_1_455' title='bbox 904 4637 977 4691; x_wconf 90' lang='lat' dir='ltr'>Petr.</span> <span class='ocrx_word' id='word_1_456' title='bbox 1005 4638 1111 4699; x_wconf 71' lang='lat' dir='ltr'>Parth.</span> <span class='ocrx_word' id='word_1_457' title='bbox 1130 4638 1235 4708; x_wconf 81' lang='lat' dir='ltr'>legitur</span> <span class='ocrx_word' id='word_1_458' title='bbox 1262 4637 1318 4707; x_wconf 84' lang='lat' dir='ltr'><strong>(Sp.</strong></span> <span class='ocrx_word' id='word_1_459' title='bbox 1338 4637 1370 4692; x_wconf 78' lang='lat' dir='ltr'>a.</span> <span class='ocrx_word' id='word_1_460' title='bbox 1395 4638 1435 4692; x_wconf 91' lang='lat' dir='ltr'>IV</span> <span class='ocrx_word' id='word_1_461' title='bbox 1458 4644 1544 4714; x_wconf 74' lang='lat'><strong>280):</strong></span> 
     </span>
     <span class='ocr_line' id='line_1_46' title="bbox 228 4716 1545 4790; baseline 0.005 -19"><span class='ocrx_word' id='word_1_462' title='bbox 228 4716 369 4789; x_wconf 59' lang='grc' dir='ltr'><strong><em>»Ογτῖίἰαε</em></strong></span> <span class='ocrx_word' id='word_1_463' title='bbox 389 4762 394 4774; x_wconf 93' lang='grc'><strong><em>.</em></strong></span> <span class='ocrx_word' id='word_1_464' title='bbox 416 4762 421 4773; x_wconf 87' lang='grc'><strong>.</strong></span> <span class='ocrx_word' id='word_1_465' title='bbox 442 4763 447 4774; x_wconf 91' lang='grc'><em>.</em></span> <span class='ocrx_word' id='word_1_466' title='bbox 467 4720 592 4790; x_wconf 68' lang='lat' dir='ltr'>supellec</span> <span class='ocrx_word' id='word_1_467' title='bbox 609 4719 712 4774; x_wconf 75' lang='grc' dir='ltr'><strong><em>υίείοκι</em></strong></span> <span class='ocrx_word' id='word_1_468' title='bbox 730 4724 874 4776; x_wconf 83' lang='lat' dir='ltr'>commotas</span> <span class='ocrx_word' id='word_1_469' title='bbox 893 4719 1073 4776; x_wconf 67' lang='lat' dir='ltr'>adhaererem</span> <span class='ocrx_word' id='word_1_470' title='bbox 1091 4719 1208 4774; x_wconf 72' lang='lat' dir='ltr'>Domini</span> <span class='ocrx_word' id='word_1_471' title='bbox 1225 4725 1250 4774; x_wconf 83' lang='lat' dir='ltr'>et</span> <span class='ocrx_word' id='word_1_472' title='bbox 1267 4719 1363 4774; x_wconf 83' lang='lat' dir='ltr'>borum</span> <span class='ocrx_word' id='word_1_473' title='bbox 1374 4725 1545 4780; x_wconf 62' lang='lat' dir='ltr'>caesaram</span> 
     </span>
    </p>
   </div>
   <div class='ocr_carea' id='block_1_9' title="bbox 0 0 1652 5190">
    <p class='ocr_par' dir='ltr' id='par_1_12' title="bbox 0 0 1652 5190">
     <span class='ocr_line' id='line_1_47' title="bbox 0 0 1652 5190; baseline 0 0"><span class='ocrx_word' id='word_1_474' title='bbox 0 0 1652 5190; x_wconf 95' lang='lat' dir='ltr'> </span> 
     </span>
    </p>
   </div>
  </div>
 </body>
</html>
