3294 5190
237 338 277 401 78
800 334 892 403 Caput
910 334 955 388 IV.

237 501 364 564 videtur
387 520 534 562 conexus.
579 497 696 562 Nonne
724 498 787 561 alia
813 497 946 581 reperiri
975 500 1123 580 possunt,
1152 497 1269 579 quibus
1298 495 1478 560 declaretur
1507 519 1543 560 re

236 619 309 661 vera
339 601 497 680 martyres
527 596 720 660 christianos
751 595 859 677 aliquo
885 594 981 658 modo
1012 616 1031 658 a
1061 594 1228 657 Dioscuris
1262 593 1422 661 derivatos
1452 595 1545 658 esse?

236 696 385 760 Profecto
420 717 484 758 non
513 694 636 758 desunt.
688 693 823 757 Constat
854 693 938 756 inter
970 714 1085 755 omnes·
1112 692 1282 757 notissima
1309 691 1544 759 Dioscurorum

237 793 385 878 symbola
408 814 507 876 equos
533 814 601 856 esse
629 814 666 855 ac
693 792 803 855 stellas
811 789 844 877 ¹).
890 789 941 854 Ex
969 791 1060 873 equis
1087 789 1173 853 bello
1201 789 1393 857 Latinorum
1419 789 1459 852 ad
1483 789 1544 853 Re

236 891 350 976 gillum
374 890 479 954 lacum
502 912 645 975 pugnare
668 890 729 954 visi
749 892 824 953 sunt
842 888 876 951 in
894 888 1113 952 Romanorum
1132 888 1199 951 acie
1213 886 1292 974 (Cic.
1307 886 1347 952 N.
1354 887 1392 952 D.
1406 886 1439 953 ll
1453 889 1484 971 2,
1499 887 1545 974 6).

235 989 412 1054 Dioscuros
436 988 629 1072 memineris,
653 988 680 1051 si
703 988 791 1072 legas
814 1007 896 1070 quae
919 1008 948 1069 p.
968 987 1012 1050 20
1030 985 1170 1071 Wangn.
1195 985 1233 1049 de
1251 986 1448 1069 martyribus
1471 1007 1546 1050 nar·

236 1090 361 1150 rantur:
386 1085 534 1149 diabolus
557 1085 723 1150 mulierem
753 1084 927 1168 quandam,
955 1106 1038 1168 quae
1060 1086 1227 1169 anargyris
1256 1083 1374 1148 sanatis
1402 1083 1486 1147 freta
1509 1084 1546 1149 in

189 1228 192 1232 ,
235 1184 343 1249 locum
367 1184 527 1248 desertum
550 1184 643 1247 illum
663 1187 771 1249 secuta
790 1187 846 1268 est,
870 1183 1048 1248 interficere
1067 1187 1213 1247 conatur:
1237 1183 1318 1265 αὐτη
1342 1177 1379 1246 δέ
1397 1183 1435 1247 τὸ
1454 1183 1546 1266 ὄμμα

237 1289 284 1359 είς
316 1282 463 1368 οὐρανὸν
493 1281 669 1347 ἀτενίσασα
701 1281 817 1366 ἐβόησε
847 1291 944 1366 φωνῇ
973 1283 1097 1367 μεγάλη
1132 1280 1286 1363 λέγουσα
1317 1279 1336 1344 ὁ
1366 1280 1446 1355 θεὸς
1476 1291 1546 1344 τῶν

237 1379 342 1462 ἁγίων
365 1380 565 1465 ἀναργύρων
588 1382 707 1462 βοήθει
729 1403 794 1463 μοι.
818 1380 908 1462 ἅγιοι
931 1378 1182 1465 ἀνάργυροι...
1199 1379 1405 1444 σπουδάσατε
1428 1376 1546 1442 ἐλθεῖν

237 1481 284 1556 είς
306 1480 368 1562 την
390 1476 552 1562 βοήθειάν
575 1501 641 1561 μου
665 1529 671 1541 .
691 1527 697 1540 .
719 1528 724 1540 .
748 1477 827 1561 ὑμῖν
851 1479 914 1562 γὰρ
939 1476 1114 1541 ἐπίστευσα
1136 1474 1191 1541 καλ
1214 1476 1429 1559 ἠκολούθησα
1451 1474 1545 1562 αὐτῷ

238 1576 295 1663 (sc.
315 1573 467 1662 diabolo).
492 1575 527 1639 οί
547 1570 584 1639 δὲ
607 1575 697 1656 ἀγιοι
721 1626 726 1638 .
752 1626 758 1638 .
783 1626 789 1637 .
814 1578 854 1638 Κ.
879 1572 934 1638 καλ
957 1580 998 1638 Λ.
1022 1574 1188 1658 βοησάσης
1215 1573 1316 1657 αὐτῆς
1345 1574 1420 1638 ίὰοὺ
1449 1571 1546 1656 ἐφά-

235 1691 361 1757 νησαν
388 1673 471 1757 αὐτῇ
495 1672 540 1746 ὡς
563 1671 604 1736 ἐν
627 1675 793 1756 σχήματι
818 1670 964 1737 ἱππέων
992 1670 1046 1737 καλ
1069 1677 1199 1756 πλῆθος
1221 1673 1323 1756 ὄχλον
1345 1676 1412 1736 κτλ.
1454 1669 1548 1733 Idem

237 1771 356 1855 12128:
376 1775 521 1854 αίφνης
539 1770 603 1855 γὰρ
621 1779 801 1854 παρῆσαν
825 1771 891 1854 ἁμα
913 1771 1035 1852 πλήθει
1060 1768 1207 1835 ἱππέων
1229 1774 1385 1834 πολλῶν
1408 1766 1548 1855 (cf.A.s.

236 1868 360 1953 p.478‚
382 1867 436 1931 16:
466 1869 589 1952 ,atatam
629 1873 888 1950 αφγανκενκνιί
914 1870 943 1932 α’
978 1868 1078 1933 sancti
1109 1868 1149 1932 ίκ
1180 1867 1309 1932 babitu
1340 1863 1548 1952 equitem).

237 1964 289 2029 Ad
320 1965 469 2030 Cosmam
499 1965 599 2050 igitur
630 1970 662 2030 et
691 1965 884 2030 Damianum
914 1967 1073 2050 pertinere
1102 1966 1264 2049 videntur,
1299 1987 1380 2049 quae
1413 1964 1548 2029 exhibet

237 2062 426 2128 Anastasius
459 2062 583 2126 Sinaita
612 2063 739 2140 Quaest.
764 2065 806 2128 89
834 2064 945 2148 Migne
967 2068 990 2129 t.
1010 2065 1052 2128 89
1080 2087 1111 2148 p.
1131 2067 1148 2129 λ
1155 2064 1193 2127 17
1207 2062 1244 2128 0:
1277 2062 1400 2128 εἰδέναι
1429 2061 1547 2148 μέντοι

237 2163 404 2248 προσήκει,
423 2161 474 2225 ύτι
494 2174 596 2226 πᾶσαι
615 2163 652 2225 αί
672 2162 856 2226 ὀπτασίαι
880 2163 917 2226 αί
932 2164 1106 2245 γινόμεναι
1130 2161 1172 2228 ἐν
1195 2172 1277 2238 τοῖς
1300 2172 1412 2238 ναοῖς
1434 2160 1455 2244 ἢ
1480 2179 1547 2226 σο-

237 2271 321 2345 ροῖς
343 2270 411 2325 τῶν
433 2258 538 2341 ἁγίων
561 2257 605 2323 δι’
634 2258 739 2341 ἁγίων
757 2258 906 2342 ἀγγέλων
924 2258 1150 2325 ἐπιτελοῦνται
1179 2258 1220 2324 δι’
1246 2259 1421 2345 ἐπιτροπῆς
1446 2263 1547 2324 Θεοῦ.

238 2356 308 2422 ἐπεὶ
331 2368 401 2434 πῶς
424 2357 570 2422 δυνατὸν
591 2360 687 2441 μήπω
710 2366 768 2440 τῆς
795 2356 1005 2432 ἀναστάσεως
1031 2368 1098 2422 τῶν
1127 2356 1287 2441 σωμάτων
1315 2354 1547 2440 γεγενημένης,

239 2452 310 2520 ἀλλ’
343 2457 390 2519 ἐτι
422 2465 489 2518 τῶν
521 2453 629 2519 ὀστῶν
657 2453 712 2518 καλ
742 2465 809 2519 τῶν
839 2466 971 2540 σαρκῶν
1002 2467 1070 2520 τῶν
1100 2455 1205 2538 ἁγίων
1239 2453 1548 2540 ἁιεσκορπισμένων

240 2553 391 2617 είὰεσθαι
414 2553 554 2629 τούτους
577 2553 648 2635 είὸη
673 2550 761 2639 (fort.
781 2554 861 2617 είὰει
880 2551 1004 2640 Migne)
1028 2553 1230 2639 ὁλοκλήρους
1253 2554 1377 2639 ἀνδρας
1399 2554 1547 2616 πολλά-

237 2675 297 2726 κις
335 2647 391 2733 ἐφ’
428 2651 562 2727 ἵπποις
594 2649 888 2735 ὀπτανομὲνους
924 2648 1324 2737 καθωπλισμένονςῇ)
1354 2689 1396 2696 -
1428 2649 1547 2733 Neque

237 2768 312 2811 vero
337 2747 453 2810 desunt
476 2747 600 2813 stellae:
624 2749 663 2813 cf.
683 2748 734 2812 W.
754 2771 784 2831 p.
803 2749 916 2833 28sq.:
940 2742 994 2814 οία
1017 2752 1079 2835 γάρ
1103 2748 1263 2835 ἀστέρες
1285 2750 1479 2833 πολύφωτοι
1503 2752 1546 2812 K.

238 2844 293 2909 καλ
316 2851 357 2909 Δ.
382 2844 417 2909 ἐκ
440 2857 507 2910 τῶν
530 2847 698 2932 οὐρανίων
721 2845 853 2911 ἀδύτων
875 2858 947 2924 ταῖς
974 2857 1034 2912 τοῦ
1063 2853 1209 2934 Χριστοῦ
1237 2857 1402 2930 μυστικῶς
1430 2845 1547 2929 ε’κκλη-

239 2947 325 3019 σίαις
349 2942 565 3026 ἐγκύπτοντος
589 2946 746 3029 σήμερον;
769 2944 821 3007 vel
844 2945 885 3009 ib.
904 2969 934 3028 p.
957 2946 1032 3009 142:
1061 2947 1094 3010 ολ
1122 2943 1265 3031 λαμπροὶ
1292 2942 1347 3010 καὶ
1374 2945 1547 3028 πάνσοφοι

239 3040 413 3127 ἀστέρες,
437 3043 473 3106 ol
488 3044 549 3126 την
571 3051 636 3125 γῆν
657 3053 838 3127 προφανῶς
861 3043 1119 3128 ούρανώσαντες.
1164 3042 1232 3107 lam
1261 3065 1357 3126 super
1384 3064 1547 3126 superque

238 3139 383 3203 clarescit
412 3138 561 3204 Oosmam
590 3145 621 3204 et
650 3140 843 3204 Damianum
872 3163 945 3206 cum
973 3141 1139 3206 Dioscuris
1173 3142 1333 3205 artissime
1365 3141 1545 3206 cohaerere.

236 3236 330 3301 Nihil
354 3236 448 3320 valet,
473 3237 559 3321 quod
582 3237 646 3302 loci
670 3239 709 3302 de
733 3240 823 3322 equis
848 3243 880 3302 et
903 3240 1005 3303 stellis
1029 3262 1047 3302 a
1068 3240 1163 3303 nobis
1183 3239 1314 3303 indicati
1334 3240 1374 3302 ad
1393 3237 1546 3311 Cosmam

238 3339 270 3398 et
292 3335 486 3400 Damianum
514 3334 675 3400 Asiaticos
703 3337 874 3419 pertinent.
921 3336 1002 3400 Cum
1029 3359 1086 3421 per
1114 3360 1148 3402 se
1176 3342 1423 3402 consentaneum
1453 3341 1502 3401 est
1527 3359 1547 3400 a

237 3433 396 3518 principio
421 3433 578 3498 eiusmodi
602 3434 773 3499 discrimen
797 3456 861 3499 non
885 3435 1055 3518 exstitisse,
1078 3440 1149 3499 tum
1173 3457 1209 3498 eo
1233 3434 1336 3519 magis
1359 3454 1446 3498 nunc
1465 3433 1547 3499 haeo

237 3554 287 3596 res
311 3533 484 3615 stabilitur,
508 3555 580 3597 cum
605 3531 637 3597 Ο.
657 3537 689 3596 et
708 3533 746 3597 D.
766 3531 888 3596 Arabes
907 3554 965 3615 pro
989 3532 1156 3597 Dioscuris
1175 3532 1260 3615 apud
1279 3530 1416 3596 Graecos
1438 3530 1547 3595 habiti

239 3632 317 3715 sint,
343 3629 375 3696 Ο.
403 3652 479 3694 vero
511 3635 542 3694 et
571 3631 610 3695 D.
641 3629 777 3696 Asiatici
806 3652 879 3695 cum
910 3653 1020 3695 eorum
1050 3631 1195 3715 ipsorum
1226 3629 1381 3713 symbolis
1412 3630 1546 3694 coniun-

238 3734 363 3813 gantur.

238 3884 274 3891 .—

330 3981 356 4046 1)
376 3978 410 4033 cf.
419 3974 630 4047 Furtwaengler
643 3974 673 4031 in
682 3974 817 4031 Rosoheri
832 3974 922 4033 lexico
937 3976 1090 4047 mytholog.
1100 3995 1120 4035 ε,
1128 3997 1151 4032 v.
1160 3975 1338 4031 Dioshurenl
1349 3983 1362 4029 1
1374 3995 1400 4045 p.
1410 3981 1545 4046 usqae:

236 4056 301 4124 „Sic
320 4059 376 4123 (die
390 4059 496 4126 Storna)
515 4057 580 4111 stad
598 4058 657 4110 α’κε
671 4057 718 4112 der
731 4060 955 4128 yewdholiobatea
969 4059 1092 4128 Syocbolc
1107 4058 1154 4112 der
1167 4058 1358 4124 Dioslourea“;
1371 4075 1398 4126 p.
1409 4063 1488 4125 1172,
1497 4063 1545 4111 56:

238 4139 319 4204 „Dua
342 4139 413 4204 Rosa
436 4141 472 4192 ist
495 4140 546 4192 das
563 4137 655 4191 ἅλλοιτο
672 4139 732 4191 aad
749 4140 799 4194 ικίί
817 4140 876 4193 dem
901 4141 996 4195 λίνεον
1014 4138 1062 4193 der
1080 4138 1238 4195 Βίοελκνικ
1260 4138 1365 4208 incipet
1382 4137 1548 4205 omkndpfte

238 4218 348 4289 Symbol
373 4219 432 4271 νκιί
455 4219 580 4273 Attribat
601 4217 765 4273 deraelbea.“
800 4219 873 4273 Vide
896 4219 1046 4272 Dioscuros
1074 4217 1233 4285 equitantes
1256 4216 1287 4270 in
1309 4217 1423 4286 lecytho
1447 4217 1548 4272 Attica

237 4297 275 4351 ib.
291 4315 317 4365 p.
335 4298 458 4370 1169ί70,
476 4298 505 4350 in
524 4314 637 4351 nummo
658 4315 742 4352 aureo
761 4298 914 4353 Tarentino
934 4298 972 4353 ib.
986 4316 1013 4367 p.
1031 4303 1114 4366 1175,
1137 4297 1237 4352 itidem
1261 4315 1325 4351 cum
1348 4296 1439 4351 stellis
1459 4314 1547 4368 supra

237 4377 333 4446 capita
352 4377 452 4446 positis
470 4378 500 4432 in
519 4377 634 4432 denario
649 4379 775 4434 Romano
794 4379 832 4433 ib.
847 4398 874 4447 p.
891 4383 972 4446 11763
992 4377 1087 4447 capita
1101 4395 1197 4432 eorum
1211 4395 1275 4432 cum
1289 4376 1380 4432 stellis
1395 4377 1424 4430 in
1439 4377 1546 4433 Bretti-

238 4474 317 4511 orum
336 4475 450 4512 nummo
468 4458 664 4529 (Berolinensi)
683 4459 722 4514 ib.
736 4478 763 4528 p.
780 4464 857 4512 1177.

327 4540 354 4607 2)
375 4538 451 4603 Quae
465 4557 491 4609 p.
507 4540 594 4593 720A
609 4542 751 4594 secuntur:
772 4540 820 4593 καλ
839 4537 886 4592 ἵνα
901 4537 937 4608 μὴ
952 4536 1053 4603 ddecet
1071 4558 1145 4602 τινες
1164 4538 1322 4608 ίατρικὰς
1340 4539 1414 4608 ἡμᾶς
1434 4543 1548 4608 μυθο-

237 4615 358 4688 λογίας
376 4618 570 4688 ἀναπλάττειν,
590 4619 711 4674 άκουσον
732 4617 878 4688 Γραφικὰς
896 4620 960 4686 περλ
978 4630 1077 4691 φυγῶν
1090 4617 1249 4690 θεολογίας,
1263 4622 1396 4674 contextu
1410 4619 1549 4676 videlieet

146 4709 148 4714 “
237 4699 371 4754 nonnihil
389 4701 503 4755 turbato
522 4701 551 4754 in
570 4717 599 4753 re
619 4702 715 4753 nostra
735 4699 870 4753 adhibere
889 4699 1024 4754 dubitavi.
