3294 5190
613 347 655 400 De
672 345 854 400 incubatione
873 346 1034 401 christiana.
1434 350 1477 414 69

259 508 308 573 De
338 508 454 575 Cosma
480 510 702 593 Damianoque
733 508 884 574 Asiaticis
915 515 948 574 et
977 510 1131 574 Romanis
1161 533 1263 594 pauca
1291 513 1385 576 nobis
1415 517 1478 576 tra·

162 610 292 673 -duntur
315 631 396 692 quae
420 609 483 672 huc
507 610 666 692 spectant;
688 608 875 673 brevissime
900 631 936 671 ea
958 608 1201 691 perlustremus:

261 705 437 770 Asiatici.
470 706 588 770 Medici
612 709 714 770 erant:
737 706 843 789 πάσης
866 701 903 770 δὲ
928 705 1105 790 ἐπιστήμης
1124 705 1161 770 ἐν
1183 710 1281 793 πείρηι
1303 710 1477 791 γενόμενοι

168 818 240 882 ταῖς
263 812 394 880 λοιπαῖς
416 806 545 890 χαίρειν
567 805 715 880 εἰπόντες
737 804 799 886 τήν
823 805 971 889 ἰατρείαν
989 814 1057 868 τῶν
1074 813 1192 887 ψυχῶν
1210 802 1264 868 καί
1283 815 1351 869 τῶν
1370 807 1477 890 σωμά-

168 927 236 968 των
258 903 458 986 ήσπάσαντο.
482 902 726 987 θεραπεύοντες
748 914 859 965 πᾶσαν
881 903 984 965 νόσον
1011 899 1065 965 καὶ
1093 909 1203 965 πᾶσαν
1229 905 1393 985 μαλακίαν
1422 902 1477 968 καὶ

169 1001 230 1065 οὐκ
253 1000 447 1086 ἀνθρώποις
470 1002 576 1084 μόνον
595 999 849 1085 ἐπικουροῦντες
872 999 956 1064 ἀλλὰ
975 997 1030 1063 καί
1049 1002 1181 1083 κτήνεσι
1200 998 1339 1085 Wangn.
1359 1023 1388 1084 p.
1403 1002 1476 1085 4sq.

169 1097 199 1162 A
223 1101 333 1163 sancto
358 1096 482 1182 Spiritu
505 1097 672 1162 scientiam
695 1119 786 1161 suam
810 1097 1001 1162 didicerunt:
1027 1096 1253 1181 ἐδιδάχθησαν
1275 1121 1310 1162 τε
1332 1097 1397 1162 ὑπὸ
1417 1109 1476 1163 τοῦ

169 1196 269 1278 ἁγίου
283 1197 469 1280 πνεύματος
483 1196 544 1278 τήν
559 1196 710 1281 ἰατρικήν
729 1195 910 1278 ἐπιστήμην
928 1194 980 1258 W.
1003 1218 1034 1278 p.
1050 1197 1140 1279 6sq.;
1160 1195 1199 1259 cf.
1214 1217 1244 1278 p.
1258 1195 1310 1259 24.
1344 1194 1477 1280 Templa

170 1316 281 1358 eorum
295 1294 418 1377 repleta
439 1297 530 1357 erant
548 1293 803 1378 aegrotantibus:
822 1291 877 1357 καλ
896 1293 1025 1357 τούτων
1044 1294 1079 1356 ot
1095 1291 1208 1357 oerrrol
1227 1291 1304 1357 vuol
1324 1295 1477 1379 ίατρεῐα

168 1396 388 1457 καθίστανται
417 1391 602 1456 άκεσῶδινα
631 1440 638 1455 .
669 1441 676 1455 .
705 1441 712 1455 .
740 1390 861 1467 πάντες
888 1392 951 1476 γάρ
976 1439 983 1454 .
1007 1440 1014 1454 .
1039 1441 1045 1454 .
1073 1391 1267 1455 νοσούντων
1293 1389 1348 1455 καί
1376 1398 1476 1477 θερα-

168 1488 362 1574 πευομένων
385 1489 529 1573 ὁρῶνται
552 1490 763 1554 κατάπλεοι
791 1488 844 1553 W.
864 1488 915 1551 94.
962 1486 1119 1552 Omnibus
1146 1489 1332 1553 hominibus
1360 1510 1477 1574 magna

169 1611 241 1653 oum
265 1587 483 1652 misericordia
506 1587 712 1652 adstiterunt:
735 1585 810 1672 παρ’
836 1584 985 1663 ἑκάστοις
1003 1588 1066 1672 γάρ
1091 1585 1325 1670 ἐφίστανται
1349 1605 1476 1669 συμπα-

168 1685 313 1751 θέστατα
335 1684 388 1750 W.
409 1685 459 1750 90.
498 1684 669 1770 Agricolae
693 1685 819 1750 cuidam
842 1684 935 1770 vigili
955 1688 1185 1768 apparuerunt:
1208 1685 1477 1770 παραστάντες

169 1783 271 1868 ὕπαρ
294 1791 340 1870 τῷ
364 1792 500 1871 γεωργῶ
524 1782 576 1846 W.
597 1784 648 1847 60.

258 1881 428 1946 Romani.
466 1880 584 1945 Medici
608 1883 710 1944 erant:
740 1877 867 1960 ίατρολ
896 1882 959 1964 γάρ
988 1879 1192 1964 ὑπάρχοντες
1218 1888 1258 1964 πή
1285 1878 1413 1965 τέχνη.
1438 1929 1476 1944 ..

168 1974 233 2044 εἴτε
253 1974 316 2044 οὖν
335 1977 383 2042 ἐπ’
411 1975 624 2063 ἀνθρώπους,
648 1973 712 2042 εἴτε
736 1976 790 2041 ἐπὶ
809 1978 913 2060 άλοχα
936 1980 1002 2055 ζῶα
1025 1976 1260 2041 ἑπετίθουν.
1280 1978 1380 2053 ..τὰς
1402 1975 1476 2041 ἑαυ-

170 2089 237 2142 τῶν
265 2087 375 2161 χεῑρας
401 2075 455 2140 W.
477 2098 507 2158 p.
527 2076 601 2141 230.
629 2070 714 2158 ήσαν
741 2076 805 2160 γάρ
834 2072 963 2160 ἰατροὶ
991 2075 1052 2157 τήν
1084 2074 1267 2158 ἐπιστήμην
1302 2073 1409 2138 Malal.
1435 2076 1476 2139 12

167 2198 197 2259 p.
209 2174 283 2256 304,
297 2175 337 2238 15
357 2174 404 2237 ed.
419 2173 521 2238 Bonn.
558 2174 635 2238 Vivi
655 2173 752 2237 etiam
772 2171 923 2237 (larinum
942 2173 1168 2256 imperatorem
1189 2175 1392 2236 curavemmt:
1412 2174 1477 2238 εἰσ-

167 2271 359 2356 ηνέχθησαν
379 2272 415 2336 οί
430 2272 520 2353 ἅγιοι
539 2281 585 2358 τρῖ
605 2274 735 2354 βασιλεῖ
753 2270 794 2336 ἐν
816 2268 1003 2335 νυκτλκαί
1023 2268 1119 2334 αὐτοὶ
1139 2271 1275 2334 ίάσαντο
1299 2269 1401 2334 αὐτὸν
1421 2272 1477 2335 διά

169 2379 227 2452 τής
246 2370 333 2445 ίδίας
350 2378 537 2453 προσευχής
555 2368 662 2432 Malal.
678 2369 752 2452 305,
764 2369 813 2432 12.
850 2367 1018 2433 Nocturna
1037 2366 1094 2430 illa
1111 2366 1255 2432 visitatio
1275 2389 1292 2430 e
1310 2368 1476 2432 nocturnis

168 2472 347 2550 martyrum
370 2466 549 2530 visionibus
580 2470 628 2530 est
658 2467 810 2549 derivata,
840 2488 988 2549 quarum,
1013 2466 1099 2548 quod
1123 2465 1253 2548 quidem
1276 2466 1315 2528 ad
1338 2465 1475 2529 Romam

167 2566 293 2649 attinet,
303 2565 525 2629 testimonium
546 2569 651 2629 exstat
664 2565 699 2629 in
717 2563 808 2630 Actis
828 2569 926 2630 sanct.
940 2564 962 2628 l.
977 2587 1000 2628 s.
1010 2587 1040 2647 p.
1051 2564 1126 2647 461,
1148 2563 1223 2626 187:
1241 2564 1296 2646 „r'rr
1313 2563 1372 2627 λιιι
1389 2565 1448 2628 eccl
1463 2601 1476 2610 -

166 2665 216 2727 sia
227 2660 399 2751 (Romana)
415 2665 544 2745 quietam
563 2665 612 2728 m‘r
629 2668 754 2729 semotas
773 2664 864 2728 ctr'etr‘s
881 2663 1071 2745 martyribus
1088 2662 1244 2745 serviebat,
1262 2663 1313 2726 mi
1326 2662 1392 2724 r‘om
1406 2682 1476 2726 orus

167 2766 262 2826 totum
285 2767 517 2843 consumpserat
537 2782 647 2826 cancer
668 2782 775 2826 ααιιτα.
799 2765 827 2825 et
848 2781 911 2826 ecee
928 2761 1096 2825 dormiente
1113 2760 1168 2824 ι’λίο
1186 2760 1287 2825 suncti
1303 2758 1431 2824 Cosmus
1449 2765 1478 2823 et

165 2859 349 2923 Domtomrs
367 2865 627 2940 apparuerarrt
648 2864 805 2942 ααριιικία
818 2865 847 2924 et
861 2861 1054 2941 ferramenta
1067 2878 1167 2922 secum
1179 2857 1328 2940 sereretes“
1343 2878 1368 2919 e.
1380 2879 1408 2939 q.
1420 2854 1475 2942 s.1)

255 2954 293 3019 Id
316 2956 402 3039 quod
425 2958 489 3020 iam
514 2980 552 3020 ex
575 2957 625 3021 bis
650 2979 730 3040 quac
754 2956 849 3021 modo
873 2956 1068 3040 protulimus
1093 2955 1208 3019 elucet:
1231 2955 1266 3018 in
1286 2953 1420 3018 Cosmae
1444 2957 1476 3017 et

167 3053 318 3116 Damiani
343 3054 440 3117 sacris
469 3054 708 3118 incubationem
735 3054 889 3117 usitatam
917 3053 1015 3117 fuisse
1021 3103 1030 3136 ,
1059 3053 1154 3115 etiarn
1183 3051 1286 3136 magis
1315 3051 1475 3134 clarescet,
1563 3044 1572 3059 ⁹

168 3172 240 3214 curn
265 3149 352 3212 illius
377 3155 560 3215 sanctorum
583 3151 669 3234 paris
693 3151 848 3214 miracula
875 3149 1154 3233 perlustrabimus,
1178 3149 1265 3231 quod
1293 3171 1332 3212 ex
1355 3147 1475 3212 Arabia

169 3246 327 3331 originem
352 3247 480 3313 duxisse
503 3247 685 3332 putabatur.
732 3247 820 3323 Quae
842 3270 928 3312 nunc
951 3244 1147 3332 adeamus²):

166 3445 273 3498 d'arrtre
292 3445 398 3516 οτίρλκο
416 3460 466 3512 que
481 3443 539 3497 tear
557 3441 719 3510 apparitiorr
737 3457 795 3494 ακα
813 3442 962 3495 muladea“
980 3472 1015 3481 -
1033 3440 1203 3494 Machaonas
1217 3439 1308 3493 nostri
1327 3439 1474 3494 nominan-

167 3527 214 3578 tur
233 3542 268 3578 ss.
289 3525 402 3578 Cosmas
422 3525 451 3576 et
468 3520 622 3576 Damianus
641 3520 703 3575 Act.
724 3523 811 3574 sanct.
827 3523 896 3591 sept.
911 3523 931 3574 t.
949 3520 999 3573 VH
1013 3539 1039 3589 p.
1054 3526 1115 3590 454,
1141 3525 1200 3574 143.
1223 3552 1256 3559 —-
1281 3521 1389 3586 „Ureter
1402 3520 1476 3573 altem

167 3606 338 3659 christlictem
356 3593 460 3658 Aratea
478 3603 524 3657 des
542 3602 706 3657 ttrchlr'cbea
724 3601 874 3656 Altertums
896 3602 961 3656 simi
984 3601 1029 3654 die
1051 3600 1163 3654 Brr'tder
1187 3599 1215 3654 0.
1234 3599 1295 3654 κκά
1313 3601 1351 3654 D.
1372 3600 1415 3653 die
1433 3601 1474 3654 be-

168 3686 359 3751 lcormtestem‘,
385 3682 518 3738 Hamack
543 3680 759 3736 Medicinisches
786 3698 836 3735 aus
861 3682 911 3734 der
933 3680 1055 3735 altesten
1079 3679 1366 3749 Kirohengesehiohte
1389 3699 1415 3748 p.
1432 3685 1473 3733 12.

169 3764 272 3819 Medici
288 3765 337 3833 qui
352 3782 369 3818 a
383 3765 483 3818 Corma
496 3779 598 3817 nomen
618 3763 758 3817 duxerunt
770 3762 855 3816 Inser.
875 3761 907 3816 G.
924 3762 950 3816 S.
972 3764 1001 3816 et
1018 3761 1039 3814 Ι.
1056 3765 1132 3815 1788.
1153 3764 1232 3829 2406,
1247 3766 1271 3814 3.
1292 3759 1327 3814 cf.
1341 3760 1475 3813 Hamack

167 3863 194 3913 p.
211 3850 253 3913 13,
268 3850 292 3899 2.

261 3927 287 3993 1)
306 3924 437 3993 Sequitur
464 3940 542 3979 mera
573 3921 684 3993 fabula,
717 3923 752 3976 de
784 3939 840 3990 qua
877 3923 1003 3976 actorum
1036 3937 1148 3989 quoque
1181 3920 1302 3974 editores
1335 3921 1475 3974 adnotant

167 4007 203 4072 (p.
218 4009 278 4070 462,
288 4006 361 4074 188):
380 4004 547 4072 „difficulter
565 4004 673 4059 crederet
691 4003 781 4059 critici
798 4005 881 4057 etiam
899 4002 1059 4057 moderatt.“
1087 3999 1236 4069 Quousque
1250 4016 1328 4054 mens
1344 4000 1474 4054 aberrare

166 4082 299 4152 potuerit,
318 4083 483 4153 intellegere
501 4083 569 4139 licet
587 4100 602 4137 e
623 4088 673 4136 189
684 4101 724 4150 sq.
743 4081 885 4151 inspectis.

256 4167 283 4232 θ)
301 4164 446 4233 Leguntur
463 4164 599 4218 miracula
624 4163 741 4218 Cosmus
764 4164 794 4216 et
816 4161 948 4215 Damiani
971 4161 1096 4215 Arabum
1119 4162 1195 4230 apud
1217 4160 1474 4232 Wangnereokium

167 4264 193 4314 p.
210 4251 350 4298 aea-542
371 4259 386 4298 e
405 4243 500 4298 codice
519 4243 658 4297 Vaticano
678 4243 764 4297 edita.
803 4241 975 4306 Quibuscum
997 4239 1120 4294 maxima
1143 4243 1273 4312 congruit
1295 4258 1390 4295 eorum
1408 4257 1473 4311 pars

167 4324 373 4392 miraculorum,
393 4340 466 4392 quae
485 4323 620 4378 exhibent
637 4325 698 4378 Act.
715 4324 802 4376 sanet.
818 4323 888 4391 sept.
908 4324 927 4376 t.
947 4321 1011 4390 VII;
1030 4338 1121 4390 pauca
1135 4321 1201 4375 hine
1216 4321 1360 4376 accedunt.
1390 4321 1472 4374 Prae·

167 4407 245 4459 terea
267 4403 338 4458 mihi
362 4406 405 4458 est
429 4403 480 4457 sub
507 4403 638 4458 manibus
661 4402 872 4471 miraculorum,
901 4418 973 4470 quae
998 4401 1028 4455 in
1051 4401 1148 4456 codiee
1171 4399 1383 4456 Vindobonensi
1406 4399 1471 4456 hist.

167 4486 207 4555 gr.
222 4484 248 4538 V
266 4483 345 4554 (olim
363 4484 437 4553 XIX)
456 4487 521 4538 sunt
536 4487 654 4552 servata,
673 4483 823 4554 exemplar,
838 4483 914 4551 quod
932 4481 1048 4537 Useneri
1068 4482 1117 4550 qui
1136 4482 1197 4552 ipse
1216 4480 1364 4550 descripsit
1383 4480 1472 4536 debeo

166 4563 346 4634 benignitati.
392 4565 491 4618 Insunt
518 4566 544 4633 1)
569 4563 629 4618 mir.
652 4570 686 4617 20
713 4580 776 4617 cum
798 4562 941 4633 prooemio
964 4583 990 4633 p.
1006 4568 1150 4617 rsa-462
1170 4562 1215 4614 W.
1257 4565 1283 4631 2)
1306 4559 1472 4615 miraculum

169 4660 270 4712 unum,
290 4644 365 4713 quod
392 4644 472 4699 deest
503 4644 579 4713 apud
606 4641 863 4714 Wangnereclrium
890 4642 1024 4712 cuiusque
1052 4642 1128 4697 initii
1156 4640 1311 4695 versionem
1340 4640 1471 4695 Latinam

170 4722 325 4779 Reinoldus
343 4724 469 4778 Dehnius
488 4724 518 4778 in
535 4723 611 4779 notis
630 4724 667 4778 ad
686 4723 714 4778 Ο.
734 4726 763 4778 et
781 4724 813 4779 D.
833 4723 970 4779 miracula
987 4743 1013 4795 p.
1029 4722 1194 4791 XXXIIIsq.
1215 4738 1278 4776 cum
1296 4720 1378 4777 nobis
1397 4738 1471 4777 com-
