3294 5190
624 1383 893 1460 Praefatio

78 1702 89 1723 ³
197 1684 389 1749 Encomium
424 1684 458 1748 in
488 1683 642 1748 miracula
677 1705 700 1747 s.
730 1683 975 1769 hieromartyris
1010 1685 1224 1769 Therapontis
1259 1687 1293 1750 in
1325 1685 1418 1752 Actis

110 1786 294 1847 sanctorum
304 1783 377 1847 mai.
392 1785 414 1846 t.
426 1780 473 1846 Vl
487 1805 517 1866 p.
528 1781 704 1846 682-092
723 1803 739 1845 e
755 1782 822 1847 cod.
832 1782 1048 1848 Laurentiano
1064 1781 1158 1870 (plut.
1170 1782 1419 1872 9,14).sae0.X1

109 1879 232 1964 publici
255 1880 334 1944 iuris
358 1881 478 1943 factum
508 1880 611 1944 denuo
640 1879 764 1944 edimus
791 1880 825 1943 in
852 1880 949 1945 huius
977 1879 1080 1945 libelli
1108 1882 1291 1965 appendice.
1337 1881 1420 1947 Nam

111 1998 185 2041 cum
207 1975 364 2042 Actorum
394 1981 502 2042 textus
530 1977 730 2042 miserrimus
759 1978 815 2062 sit,
842 1977 1046 2066 itacismis),
1074 1978 1165 2043 falsis
1192 1977 1420 2065 accentibus2),

111 2075 244 2160 syllabis
268 2097 434 2160 perperam
459 2073 658 2163 diremptis³)
683 2075 762 2140 adeo
786 2076 987 2162 depravatus,
1010 2081 1047 2140 ut
1069 2098 1312 2161 nonnumquam
1335 2078 1420 2142 codi-

111 2195 178 2238 eem
207 2173 302 2258 plane
332 2174 528 2258 descriptum
559 2195 628 2238 esse
656 2178 765 2258 putes,
799 2178 870 2238 tum
900 2174 1037 2238 alterum
1066 2196 1238 2258 possumus
1268 2175 1420 2240 adhibere

111 2293 191 2336 saec.
210 2269 273 2335 XII
296 2271 438 2335 codicem
461 2271 700 2336 Messanensem
724 2272 766 2335 29
792 2270 848 2358 (π
863 2270 912 2359 M)
941 2272 1046 2336 adhuc
1068 2273 1264 2358 neglectum,
1292 2273 1326 2337 in
1356 2295 1419 2357 quo

110 2369 194 2434 idem
222 2368 435 2454 Therapontis
466 2369 646 2434 encomium
679 2369 828 2434 nonnihil
861 2391 936 2435 sane
967 2370 1128 2434 variatum
1159 2375 1273 2435 exstat.
1320 2369 1420 2435 Cuius

112 2467 293 2551 exemplum
330 2490 349 2531 a
380 2467 602 2533 Maximiliano
638 2467 766 2532 Bonnet
803 2467 1020 2533 curiosissime
1056 2468 1253 2552 descriptum
1284 2467 1420 2533 Useneri

113 2566 212 2631 debeo
236 2565 438 2651 benignitati.
477 2565 547 2642 Quo
572 2565 680 2630 codice
703 2588 786 2630 novo
811 2570 968 2650 quantum
986 2566 1175 2631 adiuvemur
1194 2589 1289 2631 exeo
1310 2567 1421 2652 elucet,
1480 2558 1484 2564 ’

44 2674 50 2689 ¹
112 2664 198 2749 quod
231 2664 397 2749 octoginta
427 2664 494 2729 fere
530 2664 609 2729 locis
641 2664 856 2729 Laurentiano
895 2669 963 2729 erat
997 2665 1251 2749 praeponendus.
1305 2664 1420 2730 Nihilo

111 2763 217 2826 minus
245 2762 307 2827 hoc
335 2759 492 2826 Actorum
525 2762 632 2827 codice
660 2759 717 2847 (=
731 2759 776 2849 A)
809 2763 964 2827 utendum
998 2766 1047 2827 est
1079 2763 1302 2848 fundamento,
1335 2763 1421 2847 quod

111 2863 296 2942 comparato
320 2881 393 2923 cum
417 2882 454 2925 eo
478 2859 675 2925 Messanensi
699 2859 792 2924 facile
815 2860 1010 2944 probaveris.

202 2956 416 3022 Consentiunt
429 2958 513 3021 inter
528 2980 561 3022 se
575 2957 606 3021 A
621 2961 653 3021 et
667 2957 701 3020 M
720 2959 861 3042 exceptis
876 2959 972 3022 rebus
991 2958 1126 3022 minutis
1140 2959 1214 3022 inde
1233 2981 1252 3022 a
1270 2979 1295 3022 c.
1317 2958 1367 3042 10,
1378 2957 1421 3021 20

112 3076 213 3138 usque
237 3055 277 3117 ad
296 3055 389 3139 cas,
405 3055 456 3139 14,
478 3054 508 3118 h.
529 3077 553 3118 e.
573 3055 607 3117 in
625 3054 853 3119 miraculorum
873 3056 1075 3119 enarratione
1095 3059 1127 3119 et
1148 3055 1285 3141 epilogo.
1322 3053 1421 3118 Ante-

112 3152 229 3216 cedunt
252 3151 286 3214 in
305 3151 340 3215 M
359 3174 440 3234 quae
464 3151 523 3216 sub
543 3152 645 3236 ipsius
665 3152 801 3216 encomii
820 3155 912 3216 textu
932 3175 1076 3217 seorsum
1095 3152 1277 3216 addidimus
1297 3150 1354 3238 (=
1362 3149 1421 3237 Ε),

113 3272 249 3332 quorum
274 3248 374 3313 altera
396 3271 471 3334 pars
495 3248 537 3337 (v.
558 3247 704 3336 22-40)
729 3272 745 3313 e
769 3270 812 3314 cc.
836 3250 946 3315 6-10
970 3255 1119 3334 excerpta
1143 3254 1205 3333 est,
1228 3250 1317 3335 prior
1343 3272 1420 3315 vero

113 3347 155 3436 (v.
172 3345 304 3434 1-21),
328 3347 389 3412 etsi
412 3369 485 3412 cum
508 3368 551 3412 cc.
573 3346 659 3411 1-5
677 3347 827 3412 nonnihil
845 3348 1007 3413 discordat
1030 3346 1084 3436 (cf.
1103 3371 1134 3433 p.
1155 3346 1234 3436 104)
1258 3352 1355 3432 atque
1378 3348 1419 3412 iis

205 3598 231 3665 1)
252 3595 286 3650 of.
301 3591 398 3650 πολλοί
417 3595 489 3665 (1,1)
508 3597 655 3657 cerdubae
673 3595 708 3663 (1,
724 3595 750 3664 6)
768 3592 900 3668 πορθμίς)
919 3597 955 3664 (8,
969 3596 996 3664 2)
1016 3594 1195 3663 ἐπιθυασμὸν
1212 3598 1248 3665 (9,
1265 3596 1290 3665 1)
1309 3592 1422 3664 &vespri-

115 3679 220 3730 σασθαι
239 3679 275 3746 (9,
290 3679 317 3746 8)
335 3675 491 3747 πρεσβήτου
510 3678 563 3745 (11,
579 3677 605 3745 7)
624 3672 789 3745 κατεκλείθη
810 3681 863 3746 (12,
879 3676 905 3744 7)
925 3675 1087 3746 cauponas
1105 3677 1159 3745 (12,
1175 3676 1218 3744 16)
1241 3674 1344 3744 πρινὴς
1361 3673 1421 3744 (ib.)

114 3756 200 3826 ὑγιεὶς
225 3756 339 3825 (16,10)
372 3754 485 3824 {leuata
509 3758 562 3824 (17,
582 3757 609 3825 4)
636 3754 769 3825 almetas
791 3758 846 3825 (17,
861 3757 900 3825 6))
930 3753 1016 3824 opsita
1041 3757 1094 3827 (20,
1113 3755 1140 3824 2)
1169 3752 1283 3826 ἐγεγόνη
1308 3757 1362 3827 (20,
1377 3755 1421 3823 20)

116 3835 251 3897 ἀλλιώσας
274 3838 327 3905 (22,
348 3835 391 3904 10)
420 3832 580 3905 Δημιτρίων
599 3839 652 3907 (28,
667 3836 693 3904 8)
718 3832 904 3906 Ἐλευσηνίων
927 3835 986 3907 (ib.)
1010 3828 1191 3904 Ἀρτεμησίὲον
1214 3835 1281 3906 (ib).
1310 3855 1332 3889 ω
1355 3837 1384 3888 et
1407 3854 1422 3888 ο

115 3915 244 3984 confusa,
268 3914 345 3969 velut
367 3914 398 3968 in
420 3916 609 3985 ἀνιστώρητον
628 3915 741 3986 (13,10)
765 3917 971 3985 προτιμώτερον
989 3917 1044 3985 (13,
1061 3916 1103 3985 11)
1131 3916 1285 3985 veterana
1308 3915 1421 3986 (1917)

114 3993 195 4056 daug
213 3997 267 4065 (27,
281 3997 308 4064 3)
327 3993 412 4064 impul)
432 4000 485 4067 (28,
500 3996 526 4065 6)
550 3993 721 4064 ὀρθωὸόξων
740 3994 797 4066 (ib.)
817 3993 882 4050 odra
902 3997 997 4067 (7,10)
1023 3994 1165 4064 ὁρομένων
1179 3999 1215 4067 (9,
1230 3995 1256 4064 5)
1280 3993 1422 4063 ὑπολοφή-

115 4093 215 4137 σαντος
234 4079 287 4145 (12,
303 4074 329 4143 6)
357 4085 509 4144 σοφρωνῶν
529 4074 587 4148 (ib.)
614 4072 736 4143 ἀνεμόνη
756 4078 809 4146 (14,
825 4076 864 4144 7),
888 4095 903 4128 τ
926 4076 955 4129 et
975 4077 1012 4129 ’θε
1042 4073 1167 4130 &aretusa
1191 4079 1227 4146 (3,
1242 4074 1268 4143 5)
1295 4073 1421 4129 ἐνθαῦτα

115 4160 150 4227 (ὅ,
166 4156 237 4227 9(10)
258 4153 401 4226 ἐκτάμβων
420 4157 497 4227 (9,1)
517 4155 623 4218 dalilae
642 4159 677 4227 (9,
694 4156 720 4224 7)
739 4153 837 4209 lutolde
855 4156 910 4224 (13,
926 4157 952 4224 7)
971 4152 1138 4223 noviomam
1157 4155 1282 4225 (28,12);
1306 4173 1321 4206 τ
1336 4155 1364 4207 et
1378 4170 1421 4208 cv:

114 4234 265 4291 lauscitam
290 4237 325 4305 (4,
340 4235 381 4303 8),
405 4234 559 4306 geminatio
583 4235 725 4305 neglecta:
748 4231 974 4304 περιραντηρίοις
992 4239 1028 4306 (4,
1043 4236 1086 4304 2),
1110 4234 1144 4288 cf.
1168 4232 1288 4307 κιννήρᾳ
1313 4236 1366 4304 (28,
1381 4234 1421 4302 2),

114 4338 131 4386 η
150 4333 201 4386 pro
221 4335 246 4370 ει
265 4313 321 4382 ἥξω
341 4318 395 4386 (25,
410 4316 449 4384 7),
469 4316 503 4370 cf.
524 4315 611 4370 etiam
630 4317 859 4387 ζυγκακοπαθεῖν
877 4318 913 4387 (6,
928 4315 955 4385 8)
974 4314 1151 4384 φυλάκτουσι
1170 4317 1222 4385 (12,
1239 4314 1264 4382 7)
1289 4317 1422 4382 ψιθυρισ-

114 4405 168 4464 μοῦ
198 4402 241 4466 as,
258 4397 309 4465 13).

187 4399 230 4545 (2)
251 4475 284 4530 cf.
308 4492 358 4545 pro
378 4474 442 4529 aliis
465 4477 647 4530 καθευὸοῦσα
675 4479 728 4548 (20,
744 4476 795 4548 2(3,
824 4476 898 4545 quod
927 4474 1084 4545 explicatur
1114 4473 1294 4531 antecedenti
1322 4473 1423 4529 ἰδοῦσα

115 4561 158 4627 20,
174 4557 199 4626 1)
221 4555 254 4610 es
273 4559 326 4629 (18,
342 4556 385 4625 17)
405 4555 515 4627 pressu
534 4559 587 4627 (ra,
603 4556 638 4624 a).

204 4638 231 4708 3)
250 4637 283 4692 cf.
304 4636 339 4707 dr)
358 4636 393 4691 τὰ
412 4641 447 4709 (7,
464 4637 506 4706 10)
526 4635 562 4706 μὴ
582 4634 614 4690 δὲ
633 4639 687 4708 (20,
702 4636 755 4704 21).

168 4736 314 4792 Deubner,
329 4736 357 4778 da
371 4737 527 4781 incubatione.
1192 4729 1208 4778 8
