3294 5190
150 337 324 402 22‚4-24‚2
705 330 890 401 Therapontis
1016 379 1019 384 .
1391 331 1452 395 131

149 520 212 560 νον
234 497 387 561 τοιοῦτόν
410 495 529 579 ἔστιν’]
553 496 694 577 γύναιόν
717 517 748 559 τι
771 505 838 560 τῶν
862 494 923 560 οὐκ
946 494 1083 580 ἀσήμων
1105 494 1202 578 εὐχής
1228 492 1324 559 ἕνεκα
1351 498 1455 579 μόνης

149 592 185 658 ἐν
207 595 291 680 τῷδε
313 601 359 680 τῷ
384 592 461 680 ἱερῷ
485 602 574 680 σηκῷ
597 590 803 679 παρεγένετο.
857 593 988 676 συμβάν
1007 588 1045 656 δέ
1067 590 1154 657 ούτω
1178 594 1260 656 κατά
1279 593 1339 676 τήν
1363 592 1476 679 δόρανι

151 691 257 774 αὐτήν
279 693 416 755 παιδίον
434 690 578 775 εὑρίσκει
597 691 717 774 μικρὸν
736 690 1040 776 ἀναβρασσόμενον,
1113 690 1178 755 ὑπὸ
1198 692 1356 774 δαίμονος
1375 706 1454 754 συν-

148 799 230 872 εχῶς
259 788 573 873 ἀνατινασσόμευον,
641 797 702 853 τοῦ
731 785 828 872 ἀέρος
856 787 1137 872 ἀποκρεμάμενον,
1224 787 1454 871 ἐκτεινόμενον

149 884 205 951 καὶ
228 887 330 951 πάλιν
349 892 471 971 αίφνης
489 887 824 972 καταρριπτούμευον.
887 886 970 969 πρὸς
989 881 1025 949 δέ
1040 886 1098 949 τὸυ
1113 885 1211 968 ἀγιον
1224 886 1315 969 ήφίει
1330 885 1454 969 συχνάς

145 982 258 1049 τεκαὶ
282 984 343 1050 οὐκ
370 984 534 1068 εὐσήμους
561 983 690 1068 φωνάς,
719 974 772 1049 οἷα
800 984 974 1067 συμβαίνει
1002 980 1057 1047 καὶ
1085 985 1250 1065 γίνεσθαι,
1331 982 1452 1048 ότανό

146 1083 276 1166 δαίμων
290 1081 473 1158 ἀλλοιώσας
486 1083 545 1147 τὸν
560 1081 811 1166 ένεργούμενον,
856 1079 981 1157 ἐκεῖνος
995 1080 1071 1156 ὅλος
1090 1085 1193 1164 λαλεῖ,
1210 1080 1247 1145 τὸ
1263 1082 1367 1164 στόμα
1389 1089 1449 1146 τοῦ
1460 1111 1487 1149 ιο

147 1181 333 1264 πάσχοντος
392 1181 480 1246 ίδιον
503 1183 735 1265 τεχναζόμενος
758 1182 912 1263 όργανου.
971 1179 1093 1243 τούτου
1121 1187 1206 1262 γοῦν
1228 1176 1249 1261 ή
1273 1180 1357 1261 γυνή
1381 1179 1453 1243 δια-

147 1277 289 1357 παίξασα
378 1276 433 1342 καὶ
465 1279 588 1362 χλεύην
617 1273 703 1343 εἶναι
732 1278 769 1343 τὸ
804 1288 937 1362 πρᾶγμα
972 1279 1136 1360 νομίσασα
1226 1277 1452 1355 κατετώθαζεν

148 1373 318 1453 ἐξουθένει
342 1374 497 1440 διέπτυεν
561 1373 616 1440 καὶ
639 1373 732 1452 τέλος
755 1377 884 1440 πλατὺν
908 1375 1093 1439 σκεδάσασα
1116 1373 1242 1459 γέλωτα
1313 1375 1451 1440 παιδιὰν

147 1473 287 1539 ἐποιεῖτο
310 1475 347 1538 τὸ
370 1472 489 1558 θέαμα.
562 1472 633 1538 ἀλλ’
662 1472 679 1537 ὁ
703 1475 782 1549 τοὺς
805 1474 966 1557 δαίμονας
988 1477 1129 1555 πληγαῖς
1152 1472 1259 1538 ἀνιῶν
1276 1471 1330 1537 καλ
1349 1476 1449 1556 βασα-

144 1573 242 1650 νίζων
264 1570 390 1636 ἀθέατα
471 1571 532 1637 οῦκ
554 1573 694 1654 ήνεγκεν
722 1570 828 1647 οὕτως
850 1575 1042 1638 πλανᾶσθαι
1066 1572 1102 1635 τὸ
1126 1572 1279 1655 γύναιον,
1370 1569 1442 1635 ἀλλ’
1459 1599 1484 1640 15

109 1724 110 1727 ι
143 1667 218 1734 ἀντὶ
242 1678 302 1734 τοῦ
326 1667 472 1754 ἀσέμυου
490 1667 546 1734 καὶ
569 1669 737 1755 ἀπρεποῦς
755 1669 968 1754 μειδιάματος
1027 1671 1236 1753 σκοτομήνην
1254 1668 1355 1751 αὐτῆς
1375 1692 1450 1732 κατ-

146 1765 331 1850 εσκέδασεν,
397 1765 452 1832 καὶ
476 1768 524 1844 είς
546 1766 693 1831 τούπίσω
717 1775 864 1832 πεσοῦσα
889 1765 1041 1850 ἐξαπίνης
1063 1767 1189 1851 μεγάλα
1212 1766 1404 1854 ἀνέκραγεν,

145 1863 322 1947 “βοηθεῑτε’
343 1863 496 1947 λέγουσα,
520 1864 708 1947 (δαιμόνιον
728 1864 803 1950 ἀρτι
821 1863 980 1948 κατέσχον
1003 1861 1058 1928 καὶ
1081 1865 1261 1948 μαίνομαί.
1308 1864 1449 1947 ἀναστή-
1512 1913 1514 1917 ι

144 1978 260 2037 σαντες
288 1958 324 2025 δὲ
355 1961 460 2044 αὐτήν
491 1961 526 2026 οί
552 1961 799 2045 περιιστάμενοι
889 1963 1121 2045 προσήνεγκαν
1152 1969 1198 2048 τῷ
1229 1961 1311 2050 ἁγίῳ
1345 1963 1448 2046 Θερά-

143 2080 240 2123 πουτι
327 2057 631 2143 έξομολογουμένην
654 2060 690 2124 τὸ
718 2056 903 2143 πλημμελὲς
926 2057 980 2124 καλ
1004 2059 1286 2146 ἀναγορεύουσαν.
1373 2059 1442 2125 ἀλλ’
1458 2089 1484 2128 ιο

143 2154 264 2241 ἡμέρας
282 2154 378 2221 πέντε
396 2159 705 2240 προσκαταμείνασα
768 2158 891 2234 παντὸς
910 2156 1071 2244 ἐλευθέρα
1088 2160 1275 2242 νοσήματος
1343 2152 1450 2241 ήλθευ

143 2251 196 2318 ἐπὶ
220 2255 259 2318 τδι
284 2256 362 2319 ίδια.

233 2348 318 2430 εἶδες
331 2351 430 2436 ἀγίου
443 2352 630 2437 θαυμάσια;
677 2346 777 2436 [εἶδες
795 2352 900 2438 ὀργήν
919 2355 1159 2440 φιλανθρωπίᾳ
1176 2351 1492 2439 κεκερασμένην;]23

145 2453 318 2535 συντόμως
346 2451 527 2527 παιδεύσας
556 2450 655 2534 τάχος
688 2448 813 2534 ἰάσατο,
899 2451 954 2515 ἵνα
991 2453 1071 2536 μήτε
1103 2449 1335 2534 ἀνεξέλεγκτον
1363 2444 1384 2536 ᾖ
1410 2452 1447 2516 τὸ

143 2548 354 2631 ἀπαίδευτον,
399 2546 514 2613 καὶτὸ
538 2548 781 2632 παιδευόμενον
828 2549 883 2613 ἵνα
906 2549 950 2633 μή
974 2547 1028 2613 ἐπὶ
1051 2553 1138 2614 πολὺ
1162 2547 1380 2633 διελέγχηται·

141 2646 248 2722 οὕτως
271 2642 340 2711 οἶδε
363 2648 403 2711 τά
427 2654 484 2729 τής
508 2647 625 2723 ἰάσεως
700 2645 870 2731 διανέμειν
892 2645 910 2711 ό
934 2647 1035 2729 ἅγιος.
1106 2655 1151 2732 πή
1174 2643 1235 2731 μὲν
1258 2648 1321 2732 γδιρ
1345 2654 1445 2732 θερα-

139 2745 232 2809 πεύει
255 2745 294 2809 τδι
318 2740 462 2828 σάματα,
538 2744 617 2810 ὅταν
646 2743 681 2809 ἐκ
704 2745 827 2808 τούτου
853 2743 908 2809 καλ
936 2743 1039 2829 ψυχαὶ
1065 2746 1324 2831 θεραπεύονται·
1401 2754 1469 2830 πήι

140 2838 176 2907 δὲ
203 2840 258 2907 καὶ
287 2844 334 2918 είς
363 2843 491 2927 μακρὸν
520 2844 709 2928 παρατείνει
741 2842 803 2925 τήν
832 2842 1021 2925 σωματικήν
1049 2843 1287 2926 κακοπάθειαν,
1365 2843 1447 2908 όταν

143 2948 241 3004 τοῦτο
279 2951 439 3005 συνοῖσον
471 2939 534 3026 ὁρᾷ
564 2948 603 3025 πή
634 2948 738 3025 ψυχή,
771 2938 825 3004 καὶ
858 2943 1027 3023 βασανίζει
1060 2951 1208 3026 χρηστῶς
1241 2942 1323 3026 πρὸς
1356 2941 1446 3024 διόρ-

138 3043 260 3100 θωσιν.
327 3035 429 3101 πλέον
452 3037 515 3121 γάρ
538 3047 606 3101 τῶν
629 3047 746 3120 ψυχῶν
769 3035 789 3118 ή
811 3047 880 3100 των
903 3037 1064 3121 σωμάτων
1088 3036 1256 3121 ἀντέχεται
1319 3035 1375 3102 καὶ
1399 3061 1445 3103 τι-

141 3145 298 3218 μωρεῖται
331 3135 368 3198 τὸ
401 3144 493 3216 σῶμα
525 3131 570 3197 δι’
605 3135 708 3197 ἔλεον.
788 3144 854 3197 τῶν
889 3136 952 3218 γάρ
990 3133 1119 3199 ἐνθέων
1154 3135 1290 3221 ἀνδρῶν
1319 3138 1446 3220 πλήρης

141 3229 253 3307 έλέους
276 3231 296 3313 ή
320 3233 460 3317 τιμωρία
483 3229 698 3313 καθέστηκεν·
767 3230 807 3295 οῦ
831 3232 894 3316 γάρ
919 3229 972 3296 έπὶ
995 3234 1031 3297 τὸ
1055 3230 1173 3316 πλῆξαι
1197 3231 1252 3297 καὶ
1276 3231 1445 3315 ἀπολέσαι,
1457 3253 1482 3292 ιο

139 3327 210 3394 ἀλλ’
245 3327 297 3394 ἐπὶ
329 3329 366 3394 τὸ
396 3327 614 3413 μεταστρέψαι
642 3326 696 3392 καὶ
724 3331 931 3412 σωφρονίσαι
959 3330 1018 3406 τὰς
1044 3341 1111 3394 τῶν
1138 3331 1294 3414 βασάνων
1322 3331 1446 3406 ὀδύνας

139 3423 334 3513 ἀνθρώποις
357 3426 558 3510 εἰσάγουσιν.
627 3421 703 3509 εὖγε
726 3434 783 3508 της
805 3429 901 3503 θείας
923 3430 1101 3511 μιμήσεως·
1173 3428 1257 3494 ἐλεεῖ
1279 3430 1341 3511 γάρ
1360 3428 1445 3512 ήμῦς

138 3523 193 3589 καλ
219 3526 302 3602 Θεὸς
325 3524 544 3609 ὀργιζόμενος,
621 3523 680 3588 ἐάν
702 3547 752 3600 τις
775 3524 818 3609 μή
841 3526 924 3609 πρὸς
951 3527 991 3590 τδι
1014 3529 1163 3611 παρόντα
1186 3530 1291 3612 μόνον
1314 3526 1444 3612 εὐθύνη

64 3696 69 3704 ‚
139 3624 200 3704 τήν
222 3626 396 3708 πρόνοιαν,
472 3620 527 3687 καλ
554 3631 612 3706 τῆς
638 3624 788 3698 παιδείας
817 3622 921 3687 αὐτοῦ
948 3622 1120 3708 προτρέχει
1151 3625 1187 3689 τὸ
1217 3627 1316 3707 ἔλεος,
1392 3625 1443 3690 ὅτι

142 3719 266 3803 “ἔλεος’,
294 3724 387 3806 φησί,
411 3719 477 3785 <καὶ
501 3720 584 3807 ὀργή
606 3718 685 3807 παρ’
711 3719 816 3807 αὐτῷ,
840 3721 1006 3803 δυνάστης
1029 3719 1214 3806 έξιλασμῶν
1239 3720 1294 3787 καὶ
1324 3721 1443 3807 έκχέων
1454 3742 1479 3783 15

140 3816 245 3903 ὀργήν
267 3820 349 3882 κατὰ
372 3819 409 3883 τὸ
431 3820 518 3883 πολὺ
542 3818 646 3883 αὐτοῦ
669 3818 781 3894 ἕλισς’.

226 3916 307 3980 ἀλλο
334 3940 374 3999 με
402 3914 538 3981 διέλαθε
569 3926 698 4000 συχνῦς
726 3913 773 3981 ἐπ’
806 3917 887 3982 ἀλλο
915 3920 1117 4004 φερόμενον,
1203 3916 1310 3983 έκεῖνο
1339 3919 1380 4000 δή
1404 3918 1488 3982 τδῦλ

137 4011 417 4097 παραδοξότατον,
499 4008 602 4100 οὗπερ
625 4011 715 4095 κάγὼ
738 4015 803 4099 πρὸ
827 4024 948 4101 μικροῦ
978 4016 1211 4099 κεκοινώνηκα,
1284 4019 1383 4100 πείρᾳ
1406 4016 1442 4080 τὸ

225 4155 241 4202 6
260 4151 307 4204 καὶ
325 4155 390 4221 post
408 4150 544 4221 δαίμονος
558 4154 622 4208 αδδ.
637 4153 667 4206 Μ
683 4154 687 4225 Ι
704 4159 720 4207 8
734 4172 763 4207 τε
783 4155 848 4208 ante
867 4155 916 4208 καλ
935 4154 1000 4209 add.
1015 4154 1045 4206 M
1061 4157 1065 4223 Ι
1081 4152 1159 4223 ήφίει
1174 4157 1239 4225 post
1253 4153 1422 4222 ευσήμουςΜ
1438 4154 1441 4225 Ι

137 4238 153 4285 9
173 4229 297 4300 ἀσήμους
311 4231 336 4284 A
352 4235 355 4301 Ι
374 4237 406 4286 10
421 4232 572 4295 ἀλλοιώσας
585 4237 650 4304 post
664 4233 750 4304 ἐνεργ.
767 4233 826 4287 AM
842 4238 845 4303 Ι
864 4240 895 4288 11
915 4243 997 4290 τοῦτο
1011 4234 1037 4287 Α
1053 4237 1057 4304 Ι
1075 4239 1107 4288 12
1122 4237 1314 4300 κατετώθαζεν
1334 4250 1386 4288 om.
1402 4234 1441 4305 ΑΙ

137 4317 168 4365 13
189 4314 330 4366 πλατῦνον
348 4312 378 4365 Μ
405 4312 556 4382 πλατιΙνΑ
581 4317 585 4383 Ι
609 4320 642 4368 16
661 4313 783 4383 ἀσέμνου
802 4315 851 4369 καὶ
870 4331 922 4369 om.
938 4315 963 4367 A
988 4317 992 4384 Ι
1018 4312 1193 4385 σκοτόμηναν
1211 4315 1241 4368 Μ
1265 4318 1269 4383 Ι
1295 4316 1365 4384 αὐτῇ
1384 4312 1443 4366 AM

135 4410 202 4448 corr.
222 4391 429 4447 Radermacher
452 4395 456 4462 Ι
476 4394 719 4450 κατεσκεύασενΑ
745 4397 749 4464 Ι
776 4399 808 4447 17
828 4414 885 4466 μεγ.
906 4394 983 4460 ἐξαπ.
1003 4395 1033 4448 Μ
1060 4397 1064 4465 Ι
1089 4393 1242 4464 ἀνέκραξεν
1260 4395 1286 4448 Α
1311 4397 1315 4464 Ι
1341 4399 1374 4448 18
1393 4414 1443 4462 μαι

134 4490 183 4541 pro
203 4470 340 4542 μαίνομαι
358 4472 388 4526 Μ
404 4475 408 4542 Ι
425 4477 458 4526 19
478 4472 656 4543 ίέρομάρτυρι
669 4477 735 4545 post
748 4471 818 4547 ἁγίῳ
833 4475 897 4528 add.
913 4475 943 4528 M
960 4477 964 4544 Ι
980 4480 1013 4528 21
1028 4473 1219 4544 καταμείνασα
1234 4475 1258 4527 Α
1272 4478 1281 4545 ΙΙ
1296 4482 1338 4545 23,
1355 4481 1370 4528 2
1390 4473 1442 4544 γὰρ

135 4555 199 4621 post
216 4551 359 4622 συντόμως
372 4552 436 4607 αδδ.
451 4553 481 4606 Μ
498 4554 502 4626 Ι
517 4553 641 4624 τάχωςΑ
662 4557 666 4624 Ι
683 4554 735 4610 λάσ.
755 4554 815 4625 τάχ.
831 4555 860 4608 Μ
876 4559 880 4625 Ι
896 4554 927 4610 τὸ
941 4553 1114 4610 ἀπαίδευτον
1128 4558 1193 4625 post
1206 4555 1273 4625 μήτε
1287 4556 1316 4608 Μ
1334 4559 1337 4625 Ι
1354 4562 1370 4609 3
1385 4554 1442 4610 διέ-

136 4629 257 4702 λέγχεται
276 4634 305 4687 Μ
321 4637 325 4703 Ι
342 4638 429 4688 4-16
449 4633 552 4688 desunt
569 4633 600 4687 in
617 4634 666 4705 ΜΙ
689 4640 721 4689 15
741 4634 995 4705 Si1·ach16‚11sq.
1019 4638 1029 4706 ΙΙ
1051 4641 1124 4704 24,1
1145 4635 1213 4689 ἀλλά
1233 4636 1257 4688 Α
1280 4639 1284 4708 Ι
1308 4635 1377 4690 ἀλλα
1396 4635 1440 4709 ΑΙ

136 4715 151 4762 2
170 4715 273 4780 παραδ.
288 4745 322 4754 -
336 4714 367 4769 τδ
387 4714 490 4769 desunt
507 4713 538 4767 in
556 4713 581 4766 A

1193 4805 1229 4860 9*
