3294 5190
214 329 257 391 82
784 323 876 393 Caput
893 324 939 377 IV.

214 492 251 554 οἱ
271 491 360 572 ἅγιοι
385 487 546 572 φανέντες
569 487 621 571 64,
636 486 769 552 36450.
792 486 953 571 φανέντες
975 489 1038 573 γὰρ
1064 487 1257 575 κοιμωμένῳ
1285 496 1331 575 τῷ
1358 487 1524 573 πάσχοντι

214 587 267 671 66,
281 586 368 650 3652
378 585 416 650 Β.
438 584 650 671 κοιμωμένην
672 584 832 671 φανέντες
854 584 998 668 ἠλέησαν
1024 596 1095 662 τοῖς
1117 585 1281 671 δράμασιν
1302 595 1364 650 τοῦ
1386 587 1524 662 πάθους

215 685 298 770 αὐτῇ
321 693 383 767 τῆν
404 687 588 769 θεραπείαν
610 683 782 768 ὀρέξαντες
804 683 857 766 68,
871 682 1008 748 36571).
1031 683 1221 759 ἐπιστάντες
1244 679 1307 749 οὖν
1326 683 1415 771 αὐτῷ
1438 682 1519 748 καθ’

213 782 342 859 ὕπνους
365 783 547 869 ἀμφότεροι
572 781 623 865 70,
638 781 724 844 3668
733 780 772 844 Β.
801 782 836 846 οἱ
860 782 1024 866 μάρτυρες
1051 785 1242 869 Σωφρονίφ
1269 782 1372 846 πάλιν
1397 782 1523 845 καθεύ-

212 882 306 945 δοντι
327 884 505 964 φαίνονται
525 881 566 943 ib.
590 879 723 943 367211.
760 878 895 943 Prorsus
914 883 1020 943 autem
1039 877 1267 963 Aristophanis
1284 878 1373 942 Pluti
1392 900 1523 942 scenam

213 979 247 1040 in
270 979 457 1041 memoriam
482 982 625 1060 revocat,
648 978 734 1060 quod
757 978 876 1062 legitur
898 978 969 1040 mir.
987 976 1039 1061 62,
1055 975 1190 1041 36400:
1213 976 1268 1041 καὶ
1286 979 1418 1062 νύκτωρ
1436 982 1523 1040 καθ-

213 1078 359 1141 εύδουσα
373 1074 545 1163 (Rhodope
569 1072 741 1160 quaedam)
760 1074 872 1158 βλέπει
887 1077 966 1151 τοὺς
984 1076 1153 1161 μάρτυρας
1170 1077 1228 1152 τὰς
1248 1086 1316 1140 τῶν
1337 1075 1523 1161 ἀρρώστων

212 1176 492 1260 περιπολεύοντας
515 1176 688 1259 φάλαγγας
710 1171 765 1237 καὶ
787 1187 868 1237 πᾶσι
891 1171 966 1238 καθ’
994 1172 1053 1238 ἕνα
1083 1172 1353 1257 προσβάλλοντας
1378 1170 1434 1237 καὶ
1463 1173 1523 1247 τὰς

213 1273 317 1348 ἰάσεις
341 1270 465 1359 ἑκάστῳ
490 1270 694 1357 παρέχοντας
715 1268 770 1335 καὶ
792 1272 899 1358 τούτῳ
918 1267 980 1355 μὲν
1002 1280 1111 1353 τούτο,
1134 1273 1223 1358 άλλφ
1246 1268 1284 1336 δὲ
1306 1274 1387 1336 ἄλλο
1410 1279 1523 1334 ποιεῖν

213 1368 452 1446 ἐπιτάττοντας.
492 1369 567 1434 Uno
591 1370 692 1454 igitur
715 1369 890 1451 eodemque
913 1368 985 1433 loeo
1009 1369 1106 1432 etiam
1125 1369 1178 1431 hic
1196 1370 1319 1454 aegroti
1338 1372 1521 1452 prosterne-

212 1467 337 1551 bantur,
360 1468 393 1530 id
417 1468 503 1551 quod
523 1489 562 1530 ex
581 1467 681 1530 altero
701 1488 829 1550 quoque
848 1467 952 1531 elucet
973 1467 1044 1530 mir.
1064 1468 1115 1551 21,
1130 1466 1264 1551 3484Β,
1287 1467 1343 1530 ubi
1362 1467 1522 1549 Martyria

212 1565 368 1648 quaedam
396 1566 485 1629 videt
511 1568 669 1649 martyres
696 1565 780 1651 πρὸς
806 1564 912 1648 αὐτὴν
939 1563 1009 1650 μετ’
1039 1565 1210 1648 εὐλαβείας
1236 1565 1436 1651 ἐρχομένους
1463 1563 1521 1629 καὶ

211 1662 381 1746 λέγοντας·
404 1667 495 1740 τίνος
517 1662 629 1727 ἕνεκεν
653 1661 739 1727 οὕτω
763 1665 843 1748 βοᾷς
865 1661 920 1727 καί
942 1663 1122 1727 καθεύδειν
1145 1663 1207 1727 οὐκ
1229 1662 1284 1748 ἐᾷς
1302 1665 1380 1739 τοὺς
1403 1663 1441 1727 ἐν
1464 1666 1521 1727 νύ-

210 1778 283 1836 σοις
301 1760 423 1826 ἐνθάύε
441 1759 702 1845 προσμένοντας;
717 1758 788 1835 Quo
802 1760 874 1824 loeo
889 1762 945 1844 qui
963 1760 1093 1844 proprie
1107 1760 1346 1825 ἀσθενούντων
1364 1761 1521 1845 appellati

211 1880 280 1921 esse
302 1858 452 1923 videntur
474 1862 565 1922 erant
587 1860 692 1942 τύποι,
716 1857 754 1922 of.
774 1857 827 1941 37,
842 1857 929 1921 3564
939 1857 978 1922 D.

300 1953 506 2019 Somniorum
535 1977 617 2039 quae
639 1978 732 2019 mane
760 1960 936 2039 appareant
962 1957 1012 2019 vis
1035 1954 1088 2042 (ef.
1108 1980 1138 2040 p.
1157 1955 1193 2043 4)
1222 1956 1347 2019 duobus
1373 1955 1522 2040 perluoet

209 2053 297 2117 loeis.
343 2053 448 2117 Mater
470 2051 635 2138 quaedam,
659 2076 796 2136 quorum
818 2053 905 2116 filius
928 2054 1009 2117 alter
1036 2055 1193 2138 serpentis
1221 2076 1282 2119 oro
1311 2075 1438 2118 comeso
1467 2077 1521 2118 ve

211 2151 463 2216 hementissimis
487 2152 648 2216 cruciatur
671 2151 845 2235 doloribus,
868 2156 1023 2236 martyres
1047 2152 1211 2236 implorat:
1234 2162 1337 2217 ταῦτα
1363 2150 1418 2216 καὶ
1442 2154 1521 2218 τού-

209 2273 277 2314 των
291 2254 429 2315 πλείονα
447 2251 530 2335 πρὸς
548 2252 627 2325 τοὺς
645 2251 814 2335 μάρτυρας
831 2249 975 2332 λέγουσα
992 2248 1047 2314 καὶ
1066 2249 1109 2314 δι’
1133 2251 1211 2333 ὅλης
1228 2251 1349 2326 νυκτὸς
1367 2248 1520 2334 φέρουσα

209 2349 338 2433 δάκρυα
369 2348 491 2432 μικρὸν
522 2345 610 2431 περὶ
643 2347 715 2411 τὸν
747 2349 898 2433 ὄρθρον
929 2346 1157 2433 άφύπνωσε,
1190 2348 1251 2413 οὐκ
1283 2348 1429 2431 ἀθυμίας
1461 2347 1519 2412 καὶ

210 2448 316 2510 κόπου
339 2443 521 2533 ,νικηθεῑσα
547 2454 618 2520 τοῖς
645 2443 792 2528 βέλεσιν,
825 2445 903 2511 ἀλλ’
931 2447 996 2510 ἵνα
1022 2449 1094 2531 τὴν
1119 2458 1196 2510 τῶν
1223 2446 1346 2529 ἁγίων
1374 2447 1519 2510 θεάσοι

209 2542 419 2621 ἐπίσκεψιν
442 2542 495 2626 34,
513 2540 601 2606 3540
610 2541 646 2605 Β.
672 2541 710 2605 cf.
729 2542 768 2604 de
790 2540 910 2607 Ioanne
935 2544 1130 2608 subdiacono
1154 2544 1206 2629 37,
1225 2541 1363 2608 3565Α;
1386 2544 1520 2609 τούτων

209 2755 324 2803 σταται
348 2741 412 2802 σὺν
434 2745 479 2824 τῷ
502 2736 597 2823 ὕπνῳ
620 2738 681 2819 τὴν
704 2737 876 2820 τύφλωσιν
898 2738 1117 2823 ἀποθέμενος
1144 2738 1332 2822 ἀναβλέψας
1358 2741 1421 2824 γὰρ
1446 2788 1454 2803 .
1477 2789 1485 2803 .
1512 2791 1518 2803 .

209 2838 246 2900 τὸ
270 2835 393 2919 φέγγος
416 2835 479 2920 ὁρᾷ
501 2831 618 2898 νεωστὶ
641 2844 702 2899 τοῦ
725 2833 822 2916 ἡλίου
845 2838 1025 2920 γενόμενον
1049 2837 1213 2923 (ὄρθρος
1235 2839 1307 2922 γὰρ
1330 2833 1400 2923 ἦν).

297 2933 456 3017 Martyres
490 2937 546 2996 aut
583 2933 692 2995 statim
726 2939 840 2998 sanant
871 2940 1020 3020 aegrotos
1052 2935 1141 2999 velut
1175 2936 1324 2999 manibus
1357 2957 1411 3000 eos
1446 2940 1519 3000 tan-

208 3031 326 3117 gendo:
350 3034 386 3097 οἳ
405 3033 445 3096 τὰ
474 3029 635 3115 λεχθέντα
657 3033 757 3116 μύρια
786 3029 890 3117 ἠρέμα
921 3054 991 3109 πως
1022 3043 1092 3108 ταῖς
1125 3031 1217 3119 χερσὶ
1248 3031 1518 3115 καταψήξεσιν

207 3127 507 3215 φυγαδεύσαντεςῙ)
537 3128 587 3214 16,
605 3129 693 3193 3473
703 3127 741 3193 Α.
778 3129 796 3195 ὁ
828 3131 865 3195 τὸ
895 3125 982 3216 ἧπαρ
1016 3127 1053 3195 δὲ
1085 3141 1156 3207 ταῖς
1188 3130 1306 3216 ἁφαῖς
1339 3132 1518 3215 ἰασάμενος

207 3227 260 3311 61,
275 3227 361 3291 3637
374 3226 457 3312 ΟίΙ).
480 3239 548 3292 τῶν
571 3227 727 3310 ὀμμάτων
750 3226 944 3312 ἁψάμενοι
971 3226 1026 3292 καὶ
1056 3230 1242 3313 φαρμάκοις
1269 3229 1309 3294 οὐ
1337 3233 1518 3315 παραγγεί-

209 3330 325 3402 λαντες
348 3329 535 3411 χρησασθαι
559 3324 612 3409 69,
626 3324 714 3388 3664
724 3324 767 3408 Α,
790 3330 854 3408 aut,
878 3326 965 3409 quod
987 3330 1036 3389 est
1059 3328 1199 3410 saepius,
1227 3326 1402 3390 remedium
1425 3349 1518 3411 prae

206 3422 364 3486 scribunt:
395 3421 436 3486 ού
464 3423 528 3507 γὰρ
555 3423 632 3486 rode
658 3433 769 3487 ποιεῖν
796 3421 839 3488 δι’
872 3424 1035 3508 ὁράματος
1061 3423 1082 3507 ἢ
1110 3426 1187 3488 τόὰε
1217 3423 1437 3510 προσέταξαν,
1465 3425 1518 3501 ὡς

206 3522 298 3596 ἔθος
322 3518 461 3594 αὐτοῖς
484 3520 745 3604 διαπράττεσθαι
770 3526 838 3586 κτλ.
861 3522 914 3606 41,
928 3519 1013 3586 3581
1027 3520 1060 3586 (l.
1084 3525 1164 3607 μήτε
1181 3548 1213 3587 τι
1232 3519 1425 3597 κελευσθεὶς
1443 3523 1517 3586 θια-

205 3618 405 3703 πράξασθαι,
429 3618 556 3703 ὥσπερ
580 3618 748 3695 ἁπαντες
772 3620 805 3683 οἱ
822 3621 989 3696 παθόντες
1007 3624 1075 3684 κτλ.
1098 3620 1152 3703 48,
1166 3619 1251 3683 3601
1264 3618 1297 3684 (i.
1334 3619 1410 3684 Vim
1431 3619 1517 3684 salu-

205 3715 334 3779 tiferam
358 3721 395 3779 ut
418 3715 524 3779 oleum
548 3715 679 3779 exhibet
702 3716 741 3779 de
763 3716 910 3800 lampade
934 3739 1024 3781 saera
1042 3722 1207 3802 sumptum
1230 3719 1277 3781 ita
1299 3739 1370 3782 oera
1393 3719 1516 3782 sanctis

205 3817 402 3893 consecrata3
426 3813 465 3877 ef.
485 3813 537 3898 36,
551 3811 687 3876 35530:
710 3812 765 3878 καὶ
789 3814 934 3899 δύναμιν
955 3815 1036 3880 αὐτὸ
1061 3814 1117 3903 (so.
1137 3818 1243 3880 oleum
1266 3813 1406 3903 eaerum)
1429 3819 1516 3882 κατὰ

205 3909 402 3996 νοσημάτων
425 3913 513 3995 ἔχειν
536 3908 732 3997 τιθέμεθαὰ)
760 3935 818 3976 neo
840 3934 906 3976 non
932 3916 960 3998 1,
975 3912 1114 3978 3425st
1144 3923 1201 3998 τῆς
1228 3913 1339 3979 αὐτῶν
1361 3923 1517 3999 κηρωτῆς

295 4141 320 4208 1)
339 4139 395 4193 Ubi
420 4142 516 4193 tamen
540 4139 680 4208 quaedam
702 4138 833 4193 videntur
856 4139 951 4195 deesse
975 4141 1005 4194 in
1029 4144 1110 4195 textu
1134 4142 1187 4212 (vel
1211 4159 1261 4212 pro
1285 4141 1516 4213 φυγαδεύσαντος

205 4220 432 4288 θεραπεύσαντες
450 4219 635 4290 legendumi).

292 4301 319 4369 2)
338 4299 474 4353 Similiter
497 4318 517 4354 s.
537 4300 707 4355 Maximinus
735 4302 794 4355 viro
822 4301 893 4371 pede
921 4300 1063 4354 laboranti
1086 4301 1238 4371 praecipit:
1265 4303 1318 4369 „de
1345 4303 1414 4369 oleo,
1439 4305 1516 4373 quod

202 4385 266 4434 ακῖι
283 4380 371 4434 altare
390 4379 492 4448 pendet
509 4382 540 4434 ι’νι
565 4381 704 4450 lampade,
723 4383 802 4436 tolle“
822 4397 844 4436 e.
860 4399 886 4448 q.
906 4399 926 4434 s.
946 4382 979 4436 A.
1000 4399 1020 4434 s.
1040 4381 1105 4437 mai.
1125 4386 1144 4436 t.
1160 4382 1211 4436 vu
1229 4400 1256 4452 p.
1272 4383 1347 4438 3011.
1371 4383 1515 4452 Zacynthi

203 4459 249 4512 die
269 4477 289 4514 s.
309 4458 436 4513 Marinae
454 4460 550 4514 media
567 4461 654 4515 missa
673 4461 802 4515 sacerdos
822 4461 960 4514 dementis
979 4460 1020 4514 ori
1040 4461 1132 4515 oleum
1146 4461 1235 4516 illinit
1249 4479 1282 4515 ex
1296 4462 1429 4533 lampade
1444 4466 1515 4519 ante

202 4538 402 4593 miraculosam
421 4558 494 4608 quae
513 4541 594 4594 ardet
613 4541 735 4611 effigiem
749 4540 891 4608 haustum,
910 4541 940 4594 B.
957 4541 1084 4595 Schmidt
1097 4543 1129 4597 D.
1144 4542 1252 4597 Volksl.
1268 4543 1294 4598 d.
1309 4543 1413 4613 Neugr.
1428 4562 1455 4613 p.
1467 4550 1514 4600 80.

203 4619 243 4672 De
270 4618 409 4674 Michaele
437 4621 471 4676 of.
490 4640 517 4691 p.
533 4628 580 4688 65,
607 4622 642 4674 de
668 4620 768 4675 Corma
794 4621 823 4674 et
853 4619 990 4675 Damiano
1013 4640 1039 4691 p.
1057 4628 1098 4677 72.
1144 4622 1271 4692 Denique
1306 4622 1340 4677 de
1370 4642 1390 4676 s.
1415 4623 1515 4695 Eligio

202 4699 310 4754 adicias
330 4719 404 4770 quae
426 4701 559 4775 leguntur
582 4700 678 4769 Migne
697 4704 716 4755 t.
733 4706 765 4754 87
790 4719 817 4769 p.
833 4702 930 4757 5913:
953 4706 1073 4770 „multae
1095 4704 1177 4758 etiam
1199 4705 1331 4760 εανιίῖαῖιο
1353 4721 1386 4759 εκ
1408 4720 1439 4760 eo
1462 4708 1516 4776 ηαῖ
