3294 5190
134 334 176 396 26,
190 335 283 398 1-27,
294 336 326 384 21
704 328 889 399 Therapontis
1375 330 1438 395 133

221 493 333 576 ε’πειδή
357 497 475 559 τοίνυν
497 504 659 578 χρεῶσται
681 494 800 568 πάντες
819 501 878 557 τοῦ
897 492 1074 579 μάρτυρος,
1134 490 1286 580 ἑορτάσαι
1306 491 1343 559 δὲ
1362 495 1486 562 τού-26

133 616 192 657 του
216 591 276 674 τήν
299 595 431 676 μνήμην
456 592 756 678 συνεκροτήθημεν,
827 591 985 655 κάλλιστα
1008 589 1096 678 αὐτῷ
1120 589 1175 655 καί
1198 593 1238 656 τά
1260 593 1394 677 θύματα

132 690 252 754 τούσδε
275 693 354 766 τοὺς
377 691 498 772 λόγους
522 687 725 773 ἐσπείσαμεν.
780 686 834 753 καὶ
858 686 957 763 αὐτὸς
979 689 1042 771 γάρ
1067 682 1165 765 οὗτος
1188 687 1350 775 δμάρτυς
1374 693 1439 757 Λό-

132 812 194 871 γον
217 789 355 872 τιμήσας
377 786 432 853 καὶ
455 783 539 874 ὑπὲρ
563 788 622 852 τὸν
644 789 792 874 παρόντα
814 788 916 869 λόγον
933 788 1114 871 τετίμηται·
1178 787 1222 864 ὡς
1241 787 1355 854 οὐδενὶ
1375 790 1437 874 γάρ

133 887 222 974 ἀλλῳ
246 893 291 972 τῷ
315 888 403 972 λόγῳ
426 884 481 951 καί
507 886 589 962 Θεὸς
611 883 665 950 καὶ
689 885 725 950 οί
744 885 834 968 άγιοι
857 883 961 951 αὐτοῦ
983 886 1240 971 θεραπεύονται,
1309 886 1359 951 δτι
1382 884 1461 952 καλε

135 986 233 1066 λόγος
261 981 352 1048 ἐστίν
379 983 397 1049 ὁ
428 986 524 1067 Θεός,
556 983 620 1048 κάν
647 985 826 1067 μεμηνότες
853 978 941 1059 τινές
972 984 1009 1048 τὸ
1037 994 1171 1069 πρῶτον
1201 985 1312 1070 δῶρον
1341 989 1440 1068 Θεοῦ,

133 1083 211 1158 τοὺς
234 1084 354 1164 λόγους
376 1081 490 1166 αὐτοῦ,
513 1085 602 1167 μίσει
625 1085 736 1168 πολλῷ
760 1083 987 1166 μεμισήκασιν.
1045 1078 1139 1165 ήμεῖς
1161 1068 1209 1165 δέ,
1233 1082 1295 1145 κάν
1314 1106 1345 1147 τι
1369 1079 1440 1147 δέοι

133 1186 256 1245 παθεῖν
277 1175 362 1266 ὑπὲρ
385 1188 446 1245 τοῦ
470 1182 596 1263 Λόγου,
619 1181 706 1267 λόγῳ
735 1181 1013 1263 πανηγυρίσωμεν
1067 1177 1122 1243 καὶ
1146 1180 1335 1264 δημοτελεῖς
1358 1201 1439 1244 παν-

133 1277 264 1353 δαισίας
287 1275 323 1343 ἐν
347 1280 459 1360 λόγοις
482 1278 690 1366 στησώμεθα,
764 1278 852 1364 λόγῳ
875 1272 935 1361 μέν
959 1278 1016 1352 τάς
1039 1278 1148 1361 ψυχάς
1170 1276 1439 1362 ἀποδιοπομπού-
1483 1360 1486 1366 Ι

134 1400 241 1461 μενοι,
308 1377 348 1440 τά
371 1372 410 1441 δὲ
428 1377 561 1460 σώματα
585 1384 630 1463 τῷ
654 1375 766 1462 νάρδω
790 1384 847 1458 τῆς
865 1374 1006 1451 εὐωδίας
1024 1383 1084 1440 τοῦ
1103 1374 1201 1457 ἁγίου
1219 1377 1476 1461 προσαλειφό-ιο

133 1497 235 1558 μενοι.
326 1467 423 1551 οὗτος
446 1474 509 1561 γάρ
533 1469 617 1560 ὑπὲρ
641 1474 703 1557 τήν
724 1472 810 1556 ύλην
831 1472 934 1538 πάλαι
957 1476 1134 1557 γενόμενος
1203 1471 1258 1538 καὶ
1281 1475 1342 1558 τήν
1365 1471 1439 1538 ἑαυ-

135 1580 194 1636 τοῦ
218 1573 374 1655 τελευτήν
398 1576 588 1637 τελευταῖον
605 1573 746 1653 ποιήσας
764 1573 948 1656 μυστήριον
1007 1582 1173 1655 μυστικῶς
1191 1579 1296 1637 τανῦν
1314 1570 1439 1654 ἁγιάζει

132 1671 211 1746 τοὺς
233 1671 444 1755 προσιόντας,
468 1669 657 1748 εὐωδιάζων
679 1669 759 1754 ήμῖν
782 1670 822 1733 τά
844 1676 923 1734 θεῖα
945 1671 1131 1756 χαρίσματα
1198 1668 1254 1735 καί
1277 1678 1322 1758 τῷ
1345 1670 1439 1758 μύρῳ

132 1766 282 1852 καθάπερ
314 1768 349 1832 οί
374 1766 518 1852 θηραταί
546 1777 606 1833 τοῦ
636 1767 811 1852 μαργάρου
838 1767 898 1831 τὸν
925 1768 1075 1851 ἔμψυχον
1101 1768 1257 1852 θάλαμον
1333 1766 1440 1833 ἕλκων

132 1865 216 1949 ἡμᾶς
238 1866 321 1949 πρὸς
344 1865 405 1948 τήν
428 1867 496 1930 ἀνω
520 1865 729 1930 κατάστασιν.
1449 1888 1476 1932 τε

222 1973 318 2037 δεῦτε
341 1973 458 2037 τοίνυν
481 1969 607 2049 ἐνθέοις
633 1973 922 2058 πανηγυρίσωμεν,
989 1972 1218 2056 πρωτοθοίνια
1245 1971 1300 2038 καὶ
1323 1985 1484 2057 ωροτε-27

134 2071 228 2145 λετάς
251 2072 329 2146 τοὺς
352 2073 472 2153 λόγους
494 2072 702 2155 ποιούμενοι·
766 2078 831 2134 νῦν
853 2071 911 2145 τοῖς
934 2071 1041 2153 ήυχάς
1064 2070 1312 2154 ἀφαγνίσωμεν,
1375 2080 1440 2136 νῦν

133 2169 370 2254 ἐκκαθαίρωμεν
422 2168 532 2254 ῥύπου
548 2169 746 2253 τὰσώματα,
801 2167 890 2244 ὅπως
909 2165 1007 2245 ἀξίως
1025 2168 1087 2251 τήν
1104 2167 1283 2252 ἀγγελικὴν
1306 2172 1441 2252 χορείαν

133 2264 384 2350 ὐποδεξώμεθα,
477 2264 553 2351 μεθ’
587 2261 625 2350 ής
655 2265 673 2331 ὁ
703 2265 830 2351 μάρτυς
862 2259 961 2342 οὗτος
990 2264 1008 2330 δ
1037 2264 1138 2351 με’γας
1172 2266 1233 2348 τήν
1267 2267 1441 2352 τριαδικήν

134 2363 292 2447 ἀγιότητα
360 2362 397 2428 ἐν
420 2371 479 2450 μιᾷ
501 2362 674 2446 δοξολογεῖ
694 2365 874 2450 κυριότητα
946 2366 1111 2448 χαίρωμεν
1135 2362 1233 2449 ίερεῖς
1256 2380 1463 2446 συναγωνι-ιι

136 2462 218 2544 στήν
242 2461 416 2548 εὑρηκότες
439 2459 573 2527 τουτονί
597 2462 656 2526 τὸν
679 2460 883 2546 θαυμάσιον,
929 2457 1111 2545 ’νεωκόροι
1134 2462 1193 2527 τὸν
1215 2468 1313 2527 θεῖον
1336 2464 1441 2538 ὄντως

134 2562 334 2645 κοσμήτορα,
384 2563 532 2644 βασιλεῖς
545 2560 604 2625 τὸν
619 2568 676 2643 τής
695 2561 764 2625 ἀνω
780 2561 947 2643 βασιλείας
965 2563 1184 2646 κρατήσαντα·
1237 2559 1441 2642 ἀγαλλιᾶσθε

133 2655 188 2722 καὶ
212 2650 386 2722 παιδευταί
411 2659 467 2723 διά
490 2659 550 2723 τὸν
573 2658 786 2742 διδάσκαλον,
844 2656 991 2743 μαθηταὶ
1015 2657 1071 2723 διά
1093 2659 1154 2723 τὸν
1176 2663 1284 2735 καλῶς
1307 2663 1440 2745 Χριστῷ

133 2756 398 2839 μαθητεύσαντα.
469 2757 666 2842 μονάζοντες
687 2757 725 2822 τὸ
750 2755 920 2822 ἐπίλεκτον
943 2757 1123 2843 ἄθροισμα,
1198 2759 1361 2844 ναζιραῖοι
1384 2754 1440 2821 καὶ

135 2854 276 2938 ζάκοροι,
322 2855 381 2920 τὸν
399 2856 611 2939 συνασκητὴν
628 2855 723 2940 ὐμῶν
741 2854 785 2939 μή
808 2855 993 2940 αίσχύνητε.
1045 2852 1140 2920 ἰδέτω
1164 2853 1219 2919 καί
1238 2856 1438 2941 στρατιώτης
1449 2878 1476 2918 το

133 2953 192 3016 τὸν
222 2951 356 3037 ἀριστέα
385 2957 531 3037 Χριστοῦ
558 2950 613 3018 καὶ
640 2955 883 3040 προθυμεῖσθω
911 2953 1069 3037 πράττειν
1099 2953 1140 3017 τά
1170 2951 1288 3018 δέοντα
1384 2950 1439 3017 καί

134 3049 266 3132 ίδιώτης
301 3050 345 3134 μή
382 3049 551 3116 ἐκλυέσθω
589 3050 648 3114 τὸν
683 3051 853 3115 ἀπλαστον
887 3052 950 3135 τήν
990 3053 1109 3115 κακίαν
1146 3061 1280 3116 σκοπῶν
1315 3050 1440 3127 ἐνθέως

133 3149 348 3232 φρονήσαντα
422 3146 477 3213 καὶ
499 3149 559 3213 τὸν
581 3150 664 3233 ὄφιν
687 3149 876 3231 νικήσαντα.
950 3160 1040 3213 πᾶσα
1063 3149 1083 3232 ή
1106 3150 1228 3233 ποίμνη
1252 3157 1313 3213 τοῦ
1336 3154 1440 3215 καλοῦ

133 3242 290 3329 ποιμένος
312 3246 356 3330 μή
380 3245 642 3333 ἀποδράμοιΙτεΙ,
665 3248 791 3330 πτωχοί
812 3245 889 3330 <τε>
911 3244 966 3311 καί
992 3243 1143 3330 πένητες,
1197 3245 1362 3332 παρθένοι
1385 3245 1440 3312 καί

135 3344 318 3429 σώφρονες,
364 3343 399 3408 οί
411 3343 448 3409 ἐν
461 3347 548 3430 γήρα
566 3344 649 3429 ὁμοῦ
667 3343 723 3410 καὶ
742 3346 882 3428 νεότητι,
924 3344 1056 3410 ὀθνεῖοί
1072 3368 1107 3409 τε
1125 3342 1181 3409 καί
1200 3344 1412 3432 αὐτόχθονες,
1450 3366 1476 3407 15

131 3440 253 3519 πάντες
275 3443 342 3527 ἀμα
361 3443 420 3507 τὸν
434 3451 495 3508 τοῦ
515 3447 660 3526 Χριστοῦ
679 3442 891 3528 θεραπευτὴν
910 3443 1163 3527 εὐφημήσωμεν,
1203 3453 1315 3531 χεῖρας
1333 3453 1441 3528 ψυχῆς

133 3540 276 3617 εὐτόνως
300 3539 576 3626 ἀνακροτήσωμεν
650 3538 706 3605 καλ
731 3544 803 3628 Θεῷ
827 3539 951 3605 ἐνθάδε
975 3538 1259 3626 συναλαλάξωμεν.
1342 3537 1441 3619 οὗτος

134 3639 196 3722 γάρ
221 3633 311 3715 οἶκος
336 3643 423 3704 Θεοῦ
451 3637 605 3723 θεμέλιος
635 3639 795 3722 άσειστος,
876 3640 976 3715 τόπος
1006 3637 1159 3722 ἀνέσεως,
1239 3641 1327 3724 πηγή
1359 3639 1439 3705 ἀνα-

133 3733 270 3819 ψύξεως,
337 3737 430 3822 ὕδωρ
454 3735 688 3822 ἀγαλλιάσεως,
747 3737 963 3814 ἀναπαύσεως
981 3738 1239 3821 κατασκήνωσις,
1295 3740 1441 3824 ἰατρεῖον

133 3833 279 3919 αῖύνιον,
362 3845 480 3919 ψυχῶν
501 3833 787 3922 <ἀνα>κάθαρσις,
883 3835 1043 3920 σωμάτων
1066 3837 1114 3911 είς
1136 3836 1173 3900 τὸ
1198 3834 1337 3922 ἀρχαῖον
1359 3836 1476 3902 ἀπο-ιο

133 3929 336 4009 κατάστασις.

222 4156 293 4220 26,1
314 4150 345 4206 δὲ
364 4168 417 4206 om.
432 4152 462 4205 Μ
482 4155 486 4221 Ι
512 4153 725 4223 ῦθαύματαΑ
749 4156 753 4222 Ι
779 4160 794 4207 3
815 4151 949 4223 ἐπίσαμεν
966 4153 996 4206 Μ
1021 4155 1025 4223 Ι
1050 4153 1134 4207 4καῖ
1153 4170 1206 4208 om.
1221 4154 1251 4207 M
1276 4157 1280 4224 Ι
1306 4159 1321 4207 6
1341 4154 1376 4209 cf.
1397 4171 1437 4209 ev.

133 4231 190 4287 Ioh.
207 4236 254 4299 1,1
273 4233 277 4302 Ι
299 4236 314 4283 7
333 4232 436 4294 ἀντους
455 4233 483 4286 Μ
500 4233 504 4304 Ι
521 4238 536 4286 8
555 4230 645 4304 λόγων
663 4234 712 4303 ΜΙ
733 4235 851 4288 καὶ-9
871 4233 1034 4302 στησώμεθα
1053 4233 1157 4287 desunt
1175 4233 1205 4287 in
1224 4233 1249 4286 A
1270 4237 1273 4303 Ι
1296 4239 1329 4288 14
1348 4234 1440 4289 καθά-

132 4330 183 4380 περ
195 4309 368 4381 -θάλαμον
388 4312 489 4366 desunt
507 4312 538 4366 in
551 4312 576 4366 A
589 4316 599 4384 ΙΙ
613 4319 685 4381 27,1
707 4313 829 4377 ἀπαντες
847 4315 911 4383 post
929 4310 1026 4368 τοίνυν
1033 4313 1104 4380 φδδ.
1120 4314 1149 4367 Μ
1165 4318 1169 4383 Ι
1186 4310 1291 4376 εὐθέως
1310 4313 1334 4366 Α
1351 4317 1354 4383 Ι
1371 4313 1439 4385 ἀγα-

131 4389 399 4463 πήτοίροσῖπανηγ.
416 4392 518 4446 add.M
531 4393 561 4465 Ι2
577 4393 782 4464 ποίήσαντεςΜ
796 4394 799 4466 Ι
817 4382 1041 4467 ἀφανίσωμενρἷ
1058 4397 1062 4464 Ι
1078 4400 1094 4448 3
1109 4395 1158 4448 καί
1168 4398 1234 4448 ante
1248 4393 1299 4464 τὴν
1314 4394 1379 4448 add.
1394 4395 1437 4467 ΜΙ

131 4479 266 4528 6τοῦτον
281 4473 305 4526 Α
322 4473 326 4545 Ι
343 4469 428 4536 ὐντως
446 4477 530 4528 θεῖον
548 4473 578 4527 Μ
600 4474 604 4544 Ι
630 4477 753 4530 ὃκαλῶν
770 4474 800 4528 Μ
820 4476 824 4543 Ι
841 4480 856 4528 9
875 4474 1002 4546 τδνΜὲΙ
1020 4477 1180 4543 Ναζωραῖον
1203 4474 1227 4527 Α
1252 4475 1256 4544 Ι
1283 4479 1316 4527 10
1339 4473 1439 4539 ἀζάκο-

132 4571 176 4618 ροι
194 4553 220 4606 Α
246 4553 250 4625 Ι
277 4558 309 4606 11
333 4549 596 4621 προσθυμείσθωΑ
621 4554 625 4623 Ι
652 4553 786 4621 πράσσειν
809 4554 838 4608 Μ
861 4556 915 4625 112
935 4554 966 4608 τδ
981 4553 1005 4606 Α
1022 4557 1025 4623 Ι
1044 4560 1076 4608 15
1096 4551 1167 4610 νεότ.
1183 4554 1226 4623 δμ,
1241 4574 1266 4609 κ.
1281 4553 1353 4629 γήρᾳ
1368 4554 1438 4627 ΑΜΙ

135 4630 251 4765 αὐμχῖχή.
266 4653 295 4688 τε
309 4653 333 4687 κ.
350 4632 414 4689 ὐθν.
429 4632 474 4705 ΑΙ
493 4638 525 4686 16
544 4633 593 4689 τὸν
612 4651 665 4691 om.
680 4635 706 4688 A
726 4635 730 4708 Ι
751 4633 864 4706 χεῖραΑ
889 4634 893 4710 Ι
920 4639 952 4690 17
971 4633 1161 4704 συνάλέξωμεν
1180 4634 1209 4688 Μ
1230 4637 1234 4706 Ι
1255 4639 1289 4689 20
1313 4634 1440 4704 supplevi

133 4725 148 4764 e
202 4753 210 4782 ,
241 4719 257 4767 2
