3294 5190
166 317 377 383 17,12-19,15
490 355 495 360 .
724 309 911 380 Therapontis
1404 309 1468 371 129

163 481 220 566 νίῳ
243 479 458 560 διενεγκοῦσα
481 474 584 561 ῥᾷστα
606 477 719 561 πόρρω
744 472 868 559 ἠνέχθη
892 471 947 539 καί
970 480 1030 538 τοῦ
1053 474 1240 556 νοσήματος
1319 471 1469 558 ἀρρήτως

165 580 376 664 ἰατρευθεῖσα
399 575 488 660 παρὰ
511 582 571 638 τοῦ
594 573 770 660 μάρτυρος.

253 673 335 739 ἀλλά
359 676 395 736 τί
414 696 469 757 μοι
489 680 602 754 ταῦτα,
626 682 693 736 τῶν
711 669 926 755 θερμοτέρων
944 693 995 746 τις
1012 671 1146 745 εἰκότως
1165 667 1243 753 ἐρεῖ,
1266 669 1374 754 παρὸν
1393 671 1471 744 τοὺς
1480 680 1518 735 18

164 782 229 838 νῦν
252 768 551 854 κατακλινομένους
573 769 774 852 θεάσασθαι,
842 766 897 833 καί
921 766 999 853 μεθ’
1026 766 1148 853 ἠμέρας
1172 766 1285 832 ἐλθεῖν
1307 764 1361 830 καί
1384 767 1473 832 ἰδεῖν

165 872 244 945 τοὺς
267 871 343 953 ἀρτι
366 869 552 952 πάσχοντας
633 864 884 951 ἀνερρωμένους
912 864 966 931 καί
995 867 1181 952 σώφρονας.
1259 864 1342 929 ἀλλά
1369 865 1472 929 καλὸν

166 964 221 1031 καί
252 965 445 1052 ἀνάγραπτοι
529 973 633 1030 ταῦτα
660 976 770 1029 ποιεῖν
801 965 884 1048 πρὸς
918 964 1098 1048 ἐγκώμιον·
1180 963 1224 1048 μή
1252 963 1315 1046 γάρ
1344 965 1474 1046 ἔχοντες

165 1063 292 1142 ἔξωθεν
314 1065 476 1148 εὐφημεῖν
499 1074 568 1139 τοῖς
598 1065 710 1145 λόγοις
736 1063 796 1127 τὸν
824 1062 954 1126 δίκαιον
1051 1060 1173 1136 αὐτοὺς
1194 1071 1263 1125 τῶν
1288 1060 1495 1144 θαυμάτωνε

164 1164 242 1238 τοὺς
265 1170 471 1246 χαρακτῆρας
494 1160 713 1245 έγγράφομεν,
779 1160 914 1236 ίκανούς
937 1161 1036 1235 όντας
1060 1157 1207 1244 ἐπαίρειν
1229 1166 1289 1222 τοῦ
1314 1158 1473 1241 ἐγκωμια-

167 1259 306 1344 ζομένου
329 1260 388 1324 τὸν
411 1261 557 1324 ἔπαινον.

255 1359 436 1460 αίμόρροιχς
458 1359 576 1422 τοίνυν
598 1357 686 1440 γυνή
709 1356 889 1440 σεμνοτάτη
914 1353 946 1432 ἐξ
970 1355 1054 1421 ἐτῶν
1073 1353 1153 1420 ἕπτά
1175 1364 1214 1440 τῇ
1239 1353 1333 1439 ῥύσει
1356 1377 1473 1438 μαραι-

166 1453 289 1539 νομένη
313 1463 373 1520 τοῦ
393 1456 534 1541 ,αἵματος
592 1452 753 1539 ἠσχύνετο
776 1453 934 1538 ἠδημόνει
957 1453 1075 1539 ἠπόρει
1098 1453 1148 1518 ὅτι
1171 1450 1227 1517 καί
1250 1452 1414 1536 δράσειεν,

167 1553 352 1619 ἀπειποῦσα
371 1549 494 1638 ,λοιπὸν
517 1559 561 1640 τῳ
586 1554 695 1638 χρόνῳ
718 1552 779 1634 τήν
804 1557 902 1616 ῖασιν.
966 1551 1049 1634 αὕτη
1068 1557 1291 1635 κατηχηθεῖσα
1310 1547 1386 1636 περὶ
1404 1559 1472 1614 τῦν
1482 1573 1509 1612 10

167 1651 315 1716 ἐνταῦθα
338 1651 428 1735 παρά
449 1674 540 1726 τινος
599 1650 766 1734 δρομαίως
790 1647 843 1713 ἐπὶ
866 1649 906 1713 τά
925 1657 985 1713 τοῦ
1004 1648 1171 1735 μάρτυρος
1195 1649 1278 1713 ἵεται
1302 1650 1450 1724 λείψανα.

166 1747 220 1813 καί
244 1749 376 1825 τούτοις
398 1748 599 1831 ὁγιασθεῖσα
626 1745 682 1812 καί
710 1747 830 1834 στερρὰ
853 1744 1013 1832 γενομένη
1036 1754 1082 1834 τῷ
1106 1747 1232 1830 σώματι
1317 1754 1356 1832 τῇ
1379 1747 1473 1831 τρίτη

169 1845 274 1932 ἠμέρα
297 1849 425 1911 τελείαν
453 1846 473 1928 ἠ
502 1847 681 1931 ἀνθρωπος
770 1841 825 1908 καί
848 1844 995 1910 ὁθενοῦν
1018 1846 1123 1920 όντως
1145 1843 1319 1909 ἀνάπλεων
1412 1842 1475 1925 τήν

166 1944 270 2027 φύσιν
294 1943 355 2025 τήν
379 1941 496 2026 ἕαυτής
519 1942 752 2029 ἀνεγνώρισεν,
815 1942 1010 2026 μηδαμόθεν
1033 1940 1225 2027 μεριζομένη
1249 1940 1269 2024 ἠ
1293 1938 1474 2024 κενουμένη

166 2048 212 2126 τῷ
241 2033 455 2123 ἀσθενήματα
541 2039 646 2116 οὕτως
673 2039 835 2124 ἀφθόνως
858 2037 955 2125 ἀνήρ’
970 2063 1004 2104 τε
1031 2038 1086 2105 καί
1109 2041 1252 2124 γύναιον
1350 2039 1474 2105 ἐνθάδε
1484 2061 1509 2101 ιι

167 2136 379 2224 προστρέχων
410 2137 493 2202 κατά
520 2137 557 2202 τὸ
583 2142 657 2202 ἰσον
680 2136 825 2224 εὑρίσκει
853 2140 914 2221 τήν
942 2143 1041 2202 ἰασιν.
1089 2136 1172 2222 [ἀλλ’
1211 2135 1243 2214 ἐξ
1275 2134 1435 2221 ἕτέρωνέ
1463 2135 1472 2160 ’

164 2233 260 2322 ἕτερά
282 2258 322 2319 με
345 2234 482 2317 ἀπάγων
505 2233 523 2299 ὁ
547 2237 645 2318 λόγος
664 2232 743 2299 οὐδὲ
762 2237 967 2320 βουλόμενον
990 2234 1028 2322 ἐᾷ
1049 2235 1201 2320 σιωπᾶν]

254 2331 429 2417 Στέφανος
453 2333 516 2417 γάρ
539 2354 589 2408 τις
620 2333 820 2418 στρατιώτης
846 2342 906 2399 τοῦ
935 2336 1075 2416 στίφους
1102 2345 1169 2399 τῶν
1191 2332 1373 2417 Ἀρμενίων
1402 2331 1474 2416 ἠμί·
1484 2343 1523 2397 19

167 2429 263 2516 ξηρος
286 2431 432 2514 γεγονὼς
455 2430 531 2506 ὅλος
554 2428 607 2495 ἐπὶ
631 2441 694 2515 γήν
718 2431 914 2515 συγκεκύφει
933 2426 1169 2516 καμπτόμενος.
1233 2429 1305 2496 ἀλλ’
1323 2431 1475 2515 ἀπῆλθεν

165 2528 269 2614 ὀρθὸς
291 2526 347 2593 καί
370 2527 560 2614 ὁλόκληρος,
632 2530 911 2615 παραμεμενηκὸις
938 2527 1054 2612 ὀλίγον
1081 2537 1127 2616 τῷ
1156 2531 1287 2616 ἰατρείῳ
1311 2538 1371 2594 τοῦ
1394 2528 1473 2613 μάρ-

166 2651 272 2713 τυρος.
548 2674 550 2680 .

256 2726 356 2803 άλλος
379 2722 418 2790 δὲ
440 2727 542 2791 πάλιν
564 2727 723 2811 νεώτερος
787 2723 978 2813 (Θεόδωρος
1001 2720 1043 2808 ἠν
1066 2725 1154 2813 αὐτῷ
1178 2727 1294 2810 όνομα,
1363 2724 1497 2803 έξκου-ιε

166 2826 269 2910 βίτωρ
292 2823 419 2910 ὑπῆρχε
441 2825 478 2889 τὸ
502 2821 701 2911 στράτευμα)
800 2832 847 2913 τῳ
870 2824 959 2910 αὐτῷ
983 2823 1166 2909 κατεσχέθη
1190 2825 1361 2908 νοσήματι.

167 2918 239 2984 ἀλλ’
276 2921 316 2986 ού
345 2927 480 2987 πολλῶν
514 2925 724 3006 προσεδριῶν
756 2921 891 3006 ἐδεήθη·
923 2922 1007 3007 ὁμοῦ
1037 2923 1101 3008 γάρ
1133 2923 1252 3005 σχεδὸν
1281 2931 1327 3008 τῷ
1359 2921 1473 2986 ἐλθεῖν

165 3017 303 3102 ἠλεήθη,
325 3017 381 3084 καί
404 3019 501 3103 ύγιής
524 3020 744 3103 ἀντανήλυθε.

255 3118 305 3192 τίς
320 3118 532 3202 διατρήσεσιν
577 3117 597 3200 ἠ
617 3116 769 3202 ἐξοχάσιν
787 3117 1022 3204 ἀθεραπεύτως
1044 3128 1156 3183 νοσῶν
1178 3117 1198 3201 ἠ
1221 3119 1449 3201 ψυχιζόμενος,

168 3211 188 3296 ἠ
211 3210 267 3278 καὶ
291 3216 400 3290 άλλως
422 3215 557 3298 κάμνων
580 3217 617 3281 τὸ
639 3227 732 3300 σῶμα
754 3213 809 3280 καί
829 3216 890 3299 τήν
912 3218 1024 3300 ψυχήν
1041 3217 1282 3300 χειμαζόμενος,
1334 3214 1354 3298 ἠ
1372 3237 1472 3300 πυρε-
1483 3237 1510 3276 ιο

165 3321 234 3387 τοῖς
261 3314 464 3396 περιοδικοῖς
486 3336 521 3377 τε
547 3311 602 3377 καὶ
626 3314 768 3397 φαύλοις
797 3315 1093 3398 καταφλεγόμενος,
1160 3321 1207 3401 τῳ
1236 3315 1319 3400 θείῳ
1351 3313 1473 3378 τούτου

164 3408 348 3492 πλησιάσας
366 3430 436 3486 πως
454 3412 584 3497 ἰατρείῳ
600 3410 641 3475 οὐ
655 3413 766 3495 ψυχήν
780 3407 841 3495 μὲν
852 3422 986 3498 πρῶτον
998 3410 1033 3476 ἐκ
1055 3420 1112 3495 τής
1127 3413 1243 3488 κακίας
1255 3409 1472 3497 ἀνεκαθάρθη

164 3505 219 3571 καί
244 3507 351 3585 οὕτως
373 3509 411 3573 τὸ
435 3519 528 3593 σῶμα
550 3514 673 3595 πλήρες
696 3507 874 3593 ἀπέλαβεν,
935 3509 1021 3575 οὕτω
1041 3511 1104 3594 γάρ
1125 3505 1216 3593 οἶμαι
1234 3506 1289 3574 καί
1310 3509 1474 3596 ἰατρεύειν

170 3606 268 3670 Θεόν·
291 3616 425 3693 πρῶτον
447 3603 509 3690 μὲν
532 3607 594 3691 τήν
616 3608 727 3692 ψυχήν
751 3608 868 3672 ἰᾶσθαι
891 3616 951 3672 τοῦ
974 3607 1168 3691 κάμνοντος,
1250 3605 1294 3672 δι’
1321 3607 1364 3690 ἠν
1386 3607 1474 3682 εἰκὸς

166 3698 221 3764 καί
244 3704 280 3768 τὸ
304 3714 397 3789 σῶμα
419 3705 622 3788 παιδεύεται,
676 3700 740 3770 εὸθ’
769 3705 875 3781 οὕτως
887 3703 942 3769 καί
956 3705 1062 3792 τούτῳ
1086 3704 1147 3787 τήν
1170 3704 1370 3790 ὁλοκληρίαν
1392 3726 1474 3791 παρ-
1484 3725 1510 3767 15

171 3862 379 3874 ’κη-

257 3970 290 4019 12
309 3965 396 4035 ράστα
419 3970 602 4040 δῖένεγκοῦσα
619 3970 676 4040 ΜΙΙ
696 3976 762 4041 18,1
787 3969 814 4025 τί
836 3971 925 4025 ταῦτα
947 3968 1178 4036 πολυπλασιάζεις
1199 3970 1235 4025 τά
1254 3969 1383 4026 ἔκπαλαι·
1409 3969 1475 4034 ἴσως

168 4049 251 4112 τινές,
270 4049 362 4117 ψευδῆ
376 4049 564 4122 ὁπὸλάβωσιν·
586 4051 611 4105 εἰ
624 4052 709 4123 βούλη
724 4050 756 4105 δὲ
775 4051 873 4122 νεόστῆ
892 4052 964 4107 ἰδεῖν
983 4050 1182 4121 ἐνεργούμενα·
1197 4054 1262 4121 post
1276 4051 1333 4120 ἐρεῖ
1351 4052 1414 4104 add.
1426 4051 1472 4123 ΜΙ

168 4126 261 4191 παρὸν
279 4125 304 4177 Α
320 4129 324 4195 Ι
340 4127 465 4199 πάρασχε
483 4129 513 4182 Μ
529 4133 533 4202 Ι
549 4136 565 4184 2
584 4131 748 4186 θεάσασθαι
767 4132 792 4184 Α
820 4131 860 4193 εἰς
877 4130 974 4201 θέαμα
992 4131 1022 4184 Μ
1042 4133 1046 4199 Ι
1067 4130 1132 4185 ἐλθὲ
1151 4131 1180 4184 Μ
1201 4135 1205 4200 Ι
1226 4131 1296 4194 ίδεις
1314 4131 1344 4184 Μ
1365 4133 1369 4200 Ι
1390 4137 1406 4184 3
1425 4131 1474 4185 ναί

167 4207 239 4274 δῆτα
257 4203 416 4276 συνείποιμϊ
432 4210 481 4263 καί
499 4209 594 4282 ἀυτόςζ-
614 4214 680 4282 μυεῖ
703 4213 851 4281 σώφρονας
874 4210 937 4266 add.
953 4210 983 4263 M
1008 4214 1011 4279 Ι
1037 4209 1125 4279 4γάρ
1150 4227 1202 4264 om.
1222 4211 1252 4264 M
1272 4214 1276 4280 Ι
1298 4216 1313 4264 ὁ
1333 4211 1435 4273 αύτούς
1448 4210 1474 4263 Α

167 4282 230 4338 έπεῖ
252 4285 304 4355 χάρ
322 4288 388 4348 τοῦς
405 4288 435 4341 Μ
451 4291 455 4358 Ι
472 4295 488 4342 6
507 4290 572 4351 τούς
590 4308 642 4346 om.
662 4292 691 4345 M
708 4294 712 4361 Ι
730 4296 763 4345 10
782 4291 852 4361 αῦτιΙ
871 4291 896 4344 A
912 4294 916 4360 Ι
934 4296 965 4344 11
987 4290 1120 4345 ίντεύθεν
1135 4291 1233 4345 addito
1251 4290 1409 4360 θάῦμάτων
1426 4290 1472 4362 ΜΙ

167 4363 364 4434 ἰ’ἐρομάρτυρος
389 4367 419 4419 Μ
451 4370 455 4437 Ι
486 4373 518 4421 12
544 4370 733 4440 πρὸσμεῖνασα
759 4373 808 4426 καὶ
833 4373 898 4441 post
922 4371 1032 4433 τούτοις
1058 4371 1121 4424 add.
1141 4371 1171 4424 M
1200 4374 1204 4440 Ι
1234 4370 1403 4440 ἀγιάσθεῖσα
1427 4370 1472 4442 ΜΙ

168 4449 200 4496 13
219 4443 308 4498 τελεία
327 4444 362 4514 ἣν
380 4448 410 4500 Μ
431 4450 435 4517 Ι
456 4448 578 4504 ὁθενοῦν
596 4450 622 4503 A
649 4449 807 4507 σθένουσαν
825 4451 855 4504 Μ
875 4455 879 4521 Ι
901 4456 934 4505 14
956 4451 1008 4521 τὴν
1030 4450 1131 4520 έάυτής
1149 4451 1235 4520 φύσιν
1261 4450 1409 4522 ἐγνώρισεν
1427 4450 1472 4522 ΜΙ

166 4523 346 4595 μεριζομένην
372 4525 389 4595 ἣ
415 4527 587 4598 κενουμένην
605 4529 634 4582 Μ
664 4533 668 4599 Ι
694 4536 727 4584 15
754 4533 785 4587 τὸ
814 4530 998 4600 ἀσθενήματα
1021 4531 1051 4584 Μ
1076 4535 1079 4600 Ι
1111 4536 1143 4584 16
1172 4529 1243 4585 κατὰ
1270 4531 1301 4585 τὸ
1323 4530 1388 4586 ’ἶσον
1410 4532 1475 4601 μυεῖ

122 4668 125 4675 Ι
166 4604 304 4673 ἀφθόνως
327 4607 356 4658 Μ
374 4607 384 4679 ΙΙ
404 4613 476 4675 19,6
501 4607 661 4679 στράταγμα
678 4609 704 4662 A
733 4614 737 4680 Ι
769 4610 863 4667 ww
885 4614 918 4667 οῦ
937 4613 963 4666 A
990 4612 1080 4666 ἀπλοὸ
1099 4610 1128 4663 Μ
1156 4613 1160 4680 Ι
1190 4610 1229 4664 έδ.
1249 4613 1377 4681 προσεδρ,
1397 4611 1472 4685 ΑΜΙ

167 4685 198 4738 τὸ
216 4684 275 4739 AM
291 4688 295 4757 Ι
312 4691 327 4740 8
353 4686 538 4744 ἀντανέλυσεν
555 4690 585 4742 Μ
601 4693 605 4760 Ι
623 4695 655 4744 11
675 4691 762 4764 τούτῳ
781 4691 805 4744 Α
822 4693 826 4765 Ι
844 4699 876 4747 Ιῖ
896 4712 955 4756 πως
972 4710 1025 4748 om.
1045 4692 1071 4744 A
1086 4693 1090 4761 Ι
1107 4690 1192 4765 ἰατρῷ
1211 4691 1236 4744 A
1252 4695 1256 4762 Ι
1274 4699 1307 4747 14
1325 4696 1371 4747 θῶ
1389 4692 1419 4745 Μ

220 4784 366 4840 Deubner,
382 4788 409 4827 de
424 4787 578 4830 incubatione.
1244 4786 1260 4836 9
