3294 5190
176 325 217 387 74
735 331 827 404 Caput
844 333 889 385 lv.

173 496 283 559 οίκαδε
292 495 316 580 1)
349 495 405 577 20,
424 496 498 560 458.
553 497 597 573 ὡς
634 493 670 560 δὲ
708 494 862 579 ἐπέμενεν
903 499 1027 582 χρόνον
1069 497 1185 560 ἱκανὸν
1224 493 1279 560 καὶ
1319 495 1478 580 οὐδεμιᾶς

173 591 351 675 ἐτύγχανεν
374 593 585 675 ἐπισκέψεως,
607 592 700 670 τέλος
722 593 869 672 ἐξελθὼν
890 591 998 679 κτλέ).
1031 594 1168 658 Videtur
1186 594 1301 657 tertius
1324 594 1393 658 dies
1416 595 1479 659 hae

172 690 262 754 inre
285 692 445 774 quandam
468 691 617 756 habuisse
636 692 913 776 significationem,
936 693 1022 775 quod
1046 714 1118 757 cum
1141 692 1266 756 numeri
1289 693 1310 755 3
1333 692 1366 756 vi
1390 697 1478 757 certe

173 789 409 871 quodammodo
432 788 625 876 cohaeret³):
672 799 693 875 ἡ
721 786 759 855 δὲ
780 789 886 876 ἡμέρᾳ
911 799 952 875 τῇ
979 793 1090 875 τρίτη
1113 789 1302 866 ἐπιστάντες
1329 790 1381 871 23,
1400 791 1476 854 474.

170 886 198 949 Ε
214 885 289 970 Cyri
308 893 340 951 et
358 886 487 952 Ioannis
506 888 668 952 miraculis
686 888 847 953 notaveris
866 888 957 952 haee:
980 900 1086 970 τρεῖς
1104 898 1188 970 γοῦν
1209 888 1296 953 οὕτω
1315 889 1478 965 διανύσας

171 983 294 1070 ἡμέρας
308 985 325 1050 ὁ
341 988 460 1062 άθλιος
477 992 544 1051 κτλ.
568 986 621 1067 32,
632 986 718 1051 3529
728 985 764 1050 Β.
787 997 965 1071 τριταῖος
983 987 1020 1051 τὸ
1040 998 1111 1069 φῶς
1129 997 1198 1061 τοῖς
1217 988 1361 1070 ὄμμασιν
1384 989 1477 1069 ἔβλε-

170 1103 231 1147 πεν
255 1083 306 1164 37,
326 1082 466 1167 356411,
489 1085 528 1149 ef.
549 1085 590 1149 ib.
609 1085 648 1149 D.
675 1095 781 1170 τρεῖς
803 1085 866 1168 γὰρ
890 1087 993 1167 μύνας
1015 1083 1137 1169 ἡμέρας
1159 1094 1229 1159 τοῖς
1251 1083 1359 1165 ἁγίοις
1382 1082 1476 1161 εὐξά-

169 1204 267 1263 μενος
294 1182 342 1256 εἰς
369 1182 512 1263 λουτρὸν
539 1181 653 1246 ἐλθεῖν
680 1181 915 1266 προσετάττετο
943 1181 1000 1264 52,
1024 1182 1110 1247 3617
1123 1180 1156 1245 C.
1198 1181 1388 1257 ἐπιστάντες
1411 1177 1477 1247 οὖν

170 1278 259 1364 αὐτῷ
287 1276 361 1342 καθ’
391 1278 519 1355 ὕπνους
546 1278 728 1364 ἀμφότεροι
756 1279 880 1367 (τρίτη
909 1276 945 1344 δὲ
972 1279 993 1361 ἡ
1016 1281 1077 1357 νὺξ
1107 1277 1164 1362 ἀφ’
1197 1275 1236 1362 ἧς
1261 1278 1475 1364 παρεγένετο)

172 1375 222 1456 76,
241 1376 328 1439 3668
339 1376 375 1440 Β.
399 1377 438 1441 of.
463 1378 514 1458 31,
529 1377 617 1441 3524
627 1376 665 1442 Α.
675 1377 711 1442 Β.
739 1378 792 1460 34,
807 1377 940 1441 354οΒ.
968 1377 1020 1460 58,
1035 1377 1123 1442 3632
1134 1376 1167 1441 6.
1197 1377 1248 1458 70,
1262 1377 1349 1440 3669
1360 1377 1398 1440 D.
1445 1377 1474 1440 Ε

169 1472 305 1538 Theclae
335 1475 497 1539 miraculis
526 1475 568 1562 (v.
588 1476 687 1540 ε1164
710 1499 740 1559 p.
756 1474 891 1562 frasqq.)
920 1476 958 1540 cf.
983 1498 1030 1540 ex.
1049 1498 1095 1560 gr.
1114 1498 1144 1559 p.
1167 1476 1243 1538 140:
1271 1476 1475 1560 oberrares

169 1572 243 1636 ὅλαι
266 1571 455 1655 διεγένοντο
474 1572 602 1659 ἡμέραι,
624 1573 679 1639 καί
698 1575 877 1658 βαδίζουσα
896 1579 1069 1656 καθήλθεν
1087 1573 1107 1656 ἡ
1126 1575 1212 1656 γυνή
1230 1572 1286 1658 (se.
1301 1571 1373 1635 Aba
1392 1596 1475 1656 quae

168 1670 248 1751 pede
272 1669 447 1752 laborabat,
466 1672 506 1735 cf.
524 1695 555 1755 p.
577 1670 663 1757 161).
696 1671 821 1736 Similia
839 1673 924 1755 apud
943 1671 1130 1736 Medardum
1149 1670 1309 1735 observari
1328 1675 1475 1754 possunt,

167 1789 195 1830 v.
214 1791 244 1850 p.
263 1767 320 1852 593
343 1770 428 1852 apud
451 1769 626 1834 Mart-inum
650 1771 706 1855 ib.;
730 1771 814 1854 apud
837 1768 1048 1833 Maximinum
1071 1793 1102 1852 p.
1121 1769 1173 1833 60.

256 1865 364 1930 Etiam
388 1871 478 1931 extra
501 1869 657 1952 templum
682 1892 775 1933 suum
799 1891 855 1951 per
873 1890 1021 1932 somnum
1041 1871 1155 1932 sanant
1173 1870 1341 1950 martyres:
1364 1889 1476 1953 aegro-

168 1967 220 2028 tus
245 1965 374 2048 quidam
397 1966 576 2031 haereticus
600 1967 661 2032 οὐκ
685 1967 863 2050 ἐτόλμησεν
885 1969 1015 2030 ἔσωθεν
1037 1974 1098 2029 τοῦ
1122 1964 1259 2043 ἐνδόξου
1283 2015 1291 2029 .
1315 2017 1321 2029 .
1346 2017 1352 2029 .
1376 1972 1475 2030 οἰκου

169 2061 288 2128 ἑαυτὸν
311 2063 499 2130 ἀνακλῖναι·
528 2065 611 2130 ἀλλὰ
638 2067 721 2150 πρὸς
744 2073 789 2151 τῷ
818 2062 877 2141 ε’ξω
907 2064 1052 2148 νάρθηκι
1077 2112 1084 2126 .
1108 2114 1114 2126 .
1138 2112 1145 2126 .
1173 2064 1234 2146 τήν
1263 2063 1413 2146 πάροδον
1436 2063 1474 2128 ἐν

165 2159 262 2226 νυκτί
293 2161 469 2228 ἐποιοῦντο
500 2161 641 2249 (sanet).
691 2162 879 2226 Haeretieus
908 2162 1069 2225 omittitur
1093 2212 1099 2224 .
1124 2212 1130 2224 .
1155 2211 1161 2224 .
1185 2160 1247 2225 δύο
1276 2155 1312 2225 δὲ
1339 2159 1475 2246 ἡμερῶν

167 2258 414 2344 διαγενομένων
438 2310 445 2325 .
470 2312 476 2325 .
501 2312 507 2324 .
531 2264 708 2344 φαίνονται
732 2259 767 2324 ἐκ
791 2257 950 2342 δευτέρου
973 2267 1019 2345 τῷ
1043 2260 1195 2345 αἷρετικῷ
1220 2309 1226 2321 .
1251 2310 1258 2322 .
1283 2259 1474 2341 ....ἐγεί-

165 2382 303 2442 ραντες.
320 2358 468 2423 ..αὐτὸν
490 2358 672 2444 ἀμφότεροι
690 2359 899 2423 καθεύδοντα
917 2365 1173 2441 χειρουργοῦσιν
1191 2355 1294 2420 αὐτοῦ
1322 2355 1474 2441 ἀοράτως

164 2458 242 2531 τοὺς
272 2456 334 2520 δύο
364 2456 499 2542 μηρούς.
548 2454 719 2539 increpant
747 2479 820 2519 eum
850 2455 986 2538 denique
1013 2459 1108 2519 noete
1136 2453 1282 2536 sequenti
1310 2453 1404 2518 abeat
1432 2479 1473 2520 ex

165 2576 263 2635 sacro,
290 2553 339 2637 17,
357 2554 424 2617 414
434 2577 501 2637 sqq.

252 2651 290 2717 In
314 2653 461 2718 domibus
484 2652 619 2736 privatis
642 2657 796 2736 apparent
815 2674 872 2736 per
891 2675 1051 2716 somnum:
1075 2651 1194 2715 femina
1218 2651 1371 2734 quaedam
1391 2650 1473 2715 Lao

164 2751 271 2815 dioeae
294 2751 388 2838 ὕπνῳ
411 2757 645 2835 κατενεχθεῖσα
668 2759 707 2835 τή
731 2750 869 2835 ἐπιούσῃ
893 2747 989 2814 νυκτὶ
1019 2749 1080 2835 ὁρᾷ
1107 2752 1187 2824 τοὺς
1213 2748 1407 2832 μεγάλους.
1432 2797 1439 2812 .
1464 2801 1471 2813 .

166 2850 300 2933 ἰατροὺς
323 2899 329 2913 .
355 2901 361 2913 .
386 2900 392 2913 .
417 2848 453 2914 έν
472 2841 499 2936 ᾦ
520 2848 738 2913 ἐκτυποῦνται
762 2850 953 2931 σχήματι..
974 2843 1369 2930 ,ἐπιλαβομένηςέτέρας
1391 2870 1471 2911 νυκ-

163 2947 220 3023 τὸς
247 2947 283 3011 ot
307 2945 401 3012 αὐτοὶ
431 2999 437 3011 .
469 2999 475 3010 .
507 2998 513 3011 .
546 2944 706 3028 φανέντες
737 2944 820 3030 αὐτή
852 2944 888 3010 ἐν
919 2955 958 3030 τῇ
991 2945 1089 3031 ὁμοίη
1119 2943 1184 3030 θέᾳ
1214 2941 1370 3025 λέγουσιν
1401 2949 1470 3009 κτλ.

166 3045 218 3126 28,
238 3045 358 3128 61411).
395 3043 538 3108 Invitant
561 3049 737 3130 aegrotum,
761 3047 798 3106 ut
815 3043 972 3126 templum
992 3064 1085 3106 suum
1108 3041 1324 3126 adgrediatur:
1346 3047 1472 3126 θεωρεῖ

163 3145 240 3218 τοὺς
255 3143 371 3226 ἁγίους
389 3141 465 3208 καθ’
489 3143 597 3208 ύπνον
616 3140 773 3226 λέγοντας
792 3142 893 3229 αὐτῷ·
909 3143 1009 3227 δεῦρο
1028 3142 1112 3225 πρὸς
1125 3139 1210 3224 ἡμᾶς
1227 3137 1280 3203 καί
1302 3136 1469 3226 ίαθήση4).

164 3239 323 3323 Μ1111οιίε,
357 3264 437 3325 quae
470 3241 534 3304 iam
567 3241 656 3304 adest
688 3241 722 3304 in
754 3244 930 3325 martyrum
961 3262 1066 3322 sacro,
1098 3239 1257 3302 medicum
1292 3240 1470 3301 arcessunt:

163 3343 341 3422 φαίνονται
363 3336 433 3403 κατ’
457 3340 538 3424 ύναρ
562 3347 607 3423 τῷ
628 3341 768 3422 συνήθει
792 3340 893 3422 αὐτής
917 3340 1017 3425 ἰατρῷ
1042 3336 1205 3419 λέγοντες
1226 3337 1255 3400 εἰ
1277 3333 1389 3410 θέλεις
1410 3342 1470 3400 θε-

164 3446 325 3517 ραπεῦσαι
347 3438 409 3520 τήν
430 3446 583 3519 γυναῖκα,
606 3437 731 3501 ἄπελθε
755 3436 792 3501 ἐν
816 3429 842 3523 ᾧ
861 3445 925 3500 νῦν
948 3434 1038 3499 ἐστιν
1057 3434 1140 3521 ἁγίῳ
1159 3440 1239 3521 οἴκῳ
1262 3433 1314 3516 26,
1328 3431 1403 3496 492.

252 3534 340 3619 ὕπαρ
362 3537 517 3618 apparent
535 3534 650 3598 sancti:
669 3533 847 3617 μέλλοντος
866 3534 902 3599 ἐν
920 3542 965 3621 τῷ
980 3537 1142 3619 πλοιαρίῳ
1162 3529 1297 3596 εἰσιέναι
1316 3528 1391 3616 περὶ
1410 3533 1470 3607 τὰς

164 3633 291 3716 δυσμὰς
315 3640 374 3697 τοῦ
397 3632 495 3714 ἡλίου
519 3633 807 3715 συντυγχάνουσιν
829 3632 918 3717 αὐτῷ
942 3632 977 3697 ol
997 3630 1127 3708 ἔνδοξοι
1151 3631 1262 3711 άγιοι.
1283 3681 1289 3693 .
1309 3681 1316 3693 .
1335 3628 1372 3693 ἐν
1390 3631 1470 3713 σχή-

162 3753 238 3813 ματι
272 3729 313 3793 οὐ
347 3738 392 3817 τῷ
424 3731 559 3794 εἰωθότι
594 3729 707 3804 αὐτοῖς
740 3727 792 3815 (of.
816 3752 846 3813 p.
868 3728 923 3815 73)
959 3731 986 3813 1,
1005 3729 1079 3793 308.
1129 3728 1178 3792 De
1208 3727 1294 3791 mirr.
1323 3726 1470 3810 12388,

165 3828 215 3909 18,
233 3827 298 3892 426
322 3851 350 3893 v.
369 3851 400 3912 p.
421 3828 471 3892 73.
509 3830 771 3912 παραγενόμενοι
795 3825 830 3891 ἐν
854 3829 1007 3911 αἰσθήσει
1030 3825 1085 3892 καὶ
1107 3828 1319 3912 πληροφορίᾳ
1336 3823 1469 3907 ὀφθαλ-

162 3938 320 4010 μοφανῶς
348 3926 451 3990 αὐτὸν
479 3924 737 4010 ἐχειρούργησαν
760 3973 767 3989 .
792 3976 799 3989 .
823 3977 829 3989 .
853 3926 898 4001 ὡς
925 3927 1001 4011 άχρι
1027 3934 1085 4007 τῆς
1113 3926 1257 4008 σήμερον
1285 3925 1468 4006 φαίνεσθαι

164 4024 225 4106 τήν
249 4023 352 4106 οὐλήν
375 4032 433 4107 τής
455 4025 665 4107 χειρουργίας
688 4022 798 4088 αὐτῶν
822 4024 874 4106 29,
888 4023 962 4088 531.
999 4022 1147 4101 „Cosmus
1170 4073 1176 4085 .
1201 4072 1207 4085 .
1233 4072 1240 4084 .
1263 4021 1412 4084 advenit.
1434 4072 1467 4084 ..

161 4143 231 4186 ιαυι
253 4143 317 4186 ooo
340 4127 415 4186 esset
436 4121 541 4185 ι’ἰίαείο
563 4140 617 4183 κιο
640 4122 824 4186 εἰονιαίνευί(
847 4120 885 4185 Α.
905 4144 928 4185 s.
947 4145 978 4204 p.
996 4121 1071 4202 461,
1088 4119 1159 4183 186.

252 4218 367 4283 Subito
391 4222 546 4302 martyres
575 4222 778 4284 evanescunt:
803 4218 857 4284 καὶ
885 4218 1015 4300 ἀφανής
1042 4215 1179 4301 γέγονεν
1207 4215 1302 4303 (alter
1329 4213 1467 4299 martyr)

164 4318 213 4399 12,
228 4318 302 4381 390.
335 4315 390 4381 καί
414 4317 552 4401 ἀφανεῖς
575 4320 752 4400 γεγόνασιν
774 4315 828 4381 ἀπ’
855 4316 959 4380 αὐτοῦ
985 4316 1034 4399 18,
1049 4316 1123 4380 434.

252 4478 277 4541 1)
296 4473 393 4528 οίκαδε
412 4492 464 4528 om.
484 4474 567 4528 Vind.

250 4557 277 4624 ι)
296 4555 318 4608 a
338 4555 397 4610 cod.
413 4544 496 4611 vina
512 4556 545 4609 cf.
561 4557 593 4609 A.
609 4559 747 4622 1114111,
763 4558 827 4619 1763
845 4551 948 4606 neuun
967 4555 1048 4608 notas
1066 4573 1093 4624 p.
1109 4517 1232 4607 xxxiii.

250 4639 277 4787 ll
295 4636 537 4771 llldodlllliiidob.
553 4713 586 4769 of.
602 4714 633 4768 A.
650 4729 670 4766 ε.
685 4731 712 4782 p.
727 4717 789 4782 460,
805 4718 868 4782 176,
887 4712 991 4768 Dehnii
1008 4716 1091 4768 notas
1109 4732 1136 4782 p.
1151 4712 1276 4770 XXXIII.
