3294 5190
209 334 272 396 132
789 328 930 382 Laudatio
1314 335 1513 400 νήει-τιμε

207 504 322 580 θαῦμα
345 496 522 579 θεώμενος.
628 492 749 577 [ἐκεῖνο
774 489 810 558 δὲ
835 495 933 558 τοῦτό
959 491 1073 577 ἐστιν]
1097 498 1298 578 στρατιῶταί
1313 518 1401 572 τινες
1420 494 1518 580 ἐργο-

208 594 343 658 διῶκται
362 605 430 658 τῶν
448 594 617 676 δημοσίων
640 592 870 676 ἐπιταγμάτων
887 589 942 655 καὶ
966 590 1135 656 ἐπιστάται
1157 602 1226 656 τῶν
1244 595 1353 678 ἔργων
1370 595 1454 658 κατὰ
1477 595 1517 658 τὸ

186 691 247 756 τέν
270 692 428 776 Αἰγύπτῳ
453 693 554 755 πάλαι
578 692 759 775 λεγόμενον
834 691 1018 770 άνθρωπόν
1040 713 1116 753 τινα
1138 691 1228 753 πάνυ
1250 691 1416 776 γηραλέον
1439 690 1518 775 ἐπη-

208 791 323 873 ρεάσαι
355 791 568 871 θελήσαντες,
649 784 719 853 εἶτα
749 785 959 862 κωλυθέντες
992 784 1044 851 ἐπὶ
1076 788 1197 873 μικρὸν
1228 785 1285 851 καὶ
1319 799 1365 875 τῷ
1398 789 1521 875 βραδεῖ

207 888 291 966 πρὸς
314 886 418 972 ὀργήν
441 889 581 951 ἔκτοπον
603 885 827 968 ἁναζέσαντες,
891 884 984 960 τέλος
1007 883 1287 969 ἐπιλαμβάνονται
1309 895 1371 950 τοῦ
1394 885 1520 971 ἀνδρὸς

209 982 264 1047 καλ
296 992 459 1049 τοσοῦτον
491 983 677 1066 ἐτύπτησαν
757 982 811 1047 καλ
844 981 955 1061 ξύλοις
987 980 1105 1066 παχέσι
1139 981 1299 1060 κατέαξαν
1333 981 1389 1048 καλ
1422 983 1520 1048 συνέ-

209 1093 342 1167 τριψαν,
433 1082 516 1144 ὥστε
545 1080 694 1164 ἡμιθανῆ
721 1090 973 1167 παραρριφήναι
996 1081 1056 1145 τὸν
1083 1081 1275 1164 άνθρωπον.
1356 1080 1520 1166 ἁναλαβό

174 1207 200 1244 ιο
209 1203 304 1264 μενοι
327 1179 367 1244 δέ
387 1203 475 1255 τινες
498 1178 602 1244 αὐτὸν
626 1177 679 1244 ἐπὶ
701 1181 761 1244 τὸν
784 1180 882 1261 ἁγιον
956 1178 1054 1254 ὀψίας
1081 1178 1184 1261 οὔσης
1207 1177 1374 1262 ἐκόμισαν.
1426 1181 1520 1245 οἵτε

211 1277 271 1341 τὸν
294 1276 401 1361 άνδρα
428 1277 594 1360 θεώμενοι
654 1278 743 1341 οἵτε
771 1277 808 1341 τὸ
837 1277 969 1359 συμβὰν
996 1274 1238 1350 ἐπακούσαντες
1317 1278 1438 1354 πάντες
1460 1286 1521 1361 τῆς

210 1377 374 1457 σωτηρίας
404 1374 595 1458 άπείπαμεν.
678 1372 751 1439 ἀλλ’
783 1373 801 1439 δ
829 1375 954 1458 μάρτυς
981 1374 1084 1439 αὐτὸν
1112 1375 1167 1438 διά
1194 1384 1252 1458 τής
1279 1376 1398 1452 νυκτὸς
1425 1377 1521 1440 ἰασά-

210 1495 309 1556 μενος
385 1472 508 1557 ήμέρας
538 1472 793 1556 ὑποφαινούσης
831 1469 995 1536 ἀπέλυσεν
1077 1471 1195 1556 [αὐτὸν
1229 1471 1391 1538 άπελθείν
1427 1473 1521 1558 ὑγιή,

211 1571 294 1635 ὥστε
318 1569 402 1654 ἡμᾶς
426 1571 512 1635 ἰδεῖν
534 1568 588 1634 καλ
611 1571 782 1653 θαυμάσαι
806 1572 883 1634 λίαν
905 1570 942 1634 τὸ
966 1570 1126 1654 γεγονόςΙ.

163 1673 201 1729 25
299 1677 436 1733 τοιαῦτα
459 1669 499 1731 τὰ
522 1677 582 1731 τοῦ
606 1667 704 1749 ἁγίου
730 1669 853 1732 τούτου
878 1669 1216 1753 θανματουργήματα,
1290 1667 1397 1745 οὕτως
1419 1668 1521 1746 ὀξέως

209 1766 288 1849 ήμίν
312 1767 369 1841 τὰς
394 1766 496 1841 ἰάσεις
518 1764 732 1850 προχέουσιν·
782 1765 837 1832 καλ
860 1774 963 1830 ταῦτα
987 1764 1110 1830 ἐνθάδε
1133 1764 1227 1850 μέχρι
1249 1763 1305 1830 καλ
1328 1767 1475 1852 σήμερον

211 1854 265 1928 οἷα
287 1861 342 1927 καλ
365 1864 511 1947 ποταμὸς
535 1862 745 1947 ἐπιρρέουσιν
804 1861 859 1928 καλ
883 1861 997 1928 οὐδενὶ
1020 1863 1133 1946 χώραν
1156 1864 1311 1929 διδόασιν
1369 1873 1416 1952 τῷ
1439 1884 1521 1930 συν-

210 1971 277 2045 εχεῖ
298 1970 356 2043 της
384 1961 568 2045 ἐκβλύσεως
666 1970 867 2045 κατανοῆσαι
889 1963 1031 2044 βεβαίως
1058 1959 1113 2024 καὶ
1144 1971 1260 2045 στήσαι
1287 1970 1345 2046 τής
1368 1964 1523 2039 διανοίας

187 2060 246 2124 ετὸ
271 2061 358 2142 όμμα
385 2061 467 2143 πρὸς
494 2061 532 2123 τὸ
560 2062 749 2143 λεγόμενον,
822 2070 889 2123 τῶν
918 2055 1082 2143 δευτέρων
1110 2059 1365 2144 ὑπαμειβόντων
1392 2060 1524 2138 εὐθέως

210 2159 249 2221 τὰ
273 2158 460 2239 φθάσαντα,
523 2154 717 2242 πάνταμὲν
740 2153 802 2223 οὖν
826 2157 870 2232 ῶς
893 2162 1020 2241 είρηται
1044 2157 1122 2221 τάδε
1145 2166 1205 2222 τοῦ
1228 2158 1395 2243 μάρτυρος
1458 2183 1521 2243 μα-

209 2255 293 2341 κρὸν
315 2253 358 2319 ἁν
381 2260 431 2338 εἴη
454 2258 536 2319 κατὰ
560 2257 620 2320 τὸν
642 2258 790 2341 παρόντα
813 2255 931 2340 καιρὸν
964 2254 1197 2336 διηγήσασθαι.
1274 2254 1333 2334 ἔξω
1357 2258 1420 2342 γάρ
1445 2251 1525 2322 οἶδα

211 2362 270 2418 τοῦ
293 2356 406 2438 πρόσω
431 2356 624 2438 φερόμενος,
700 2351 755 2418 καλ
784 2354 1023 2436 συνεπίσταμαι
1052 2352 1114 2433 τήν
1140 2351 1346 2438 παρέκβασιν
1371 2357 1525 2438 βιαζόμε-

211 2474 279 2534 νος,
362 2449 431 2516 ἀλλ’
461 2450 546 2516 ἐάσω
571 2452 688 2516 λοιπὸν
712 2451 886 2535 ἐκφράζειν
908 2452 948 2514 τά
977 2452 1111 2536 άρρητα.
1193 2455 1228 2515 τί
1248 2453 1310 2535 γάρ
1333 2449 1390 2516 καὶ
1412 2453 1523 2517 δεῖται

150 2634 153 2639 θ
176 2566 202 2605 1⁰
213 2552 322 2631 λόγων
345 2549 492 2635 ἐναργῶς
514 2552 664 2633 παρόντα
687 2551 726 2613 τὰ
749 2550 923 2635 πράγματα
1000 2545 1055 2612 καλ
1078 2547 1222 2633 αῦτοψίηι
1244 2555 1358 2627 καθῶς
1379 2547 1436 2614 καλ
1454 2549 1521 2633 ήδη

210 2651 412 2734 προείπομεν
435 2649 472 2713 τὸ
496 2655 610 2732 θαῦμα
633 2649 851 2732 πιστούμενα;
928 2645 1008 2732 ὁρᾷς
1030 2646 1089 2710 τὸν
1112 2646 1222 2730 χωλὸν
1245 2645 1360 2724 δεξιῶς
1384 2645 1523 2712 ἐναλλό-

210 2769 322 2829 μενον,
368 2747 452 2831 πρὸς
475 2746 622 2831 δορκάδα
644 2743 837 2830 παράλυτον
860 2743 1102 2828 ἁμιλλώμενον,
1156 2745 1214 2809 τὸν
1238 2745 1368 2828 τυφλὸν
1390 2743 1525 2830 δρῶντα

209 2843 292 2927 πρὸς
315 2843 421 2926 ήλιον,
498 2844 557 2907 τὸν
579 2844 695 2927 κωφὸν
718 2840 796 2906 ῶσελ
819 2842 926 2926 λύραν
949 2844 1185 2926 φθεγγόμενον
1229 2840 1284 2907 καὶ
1306 2849 1523 2928 ψιθυρισμοῦ

211 2940 423 3005 ἐπακούοντα.
527 2950 647 3026 μικροῦ
674 2938 729 3005 καὶ
762 2939 882 3016 πάντες
912 2940 947 3004 οί
966 2940 1049 3024 πρὸς
1081 2940 1141 3022 τήν
1173 2939 1366 3024 ἱερομηνίαν
1395 2942 1526 3024 ταύτην

176 3056 200 3096 15
211 3036 474 3123 συναγερθέντες
512 3047 572 3104 τοῦ
609 3037 707 3120 ἁγίου
739 3039 860 3102 τούτου
890 3043 1151 3123 θαυματουργοῦ
1184 3039 1366 3122 γεγόναμεν
1397 3039 1522 3125 πάρερ-

211 3157 285 3221 γον·
360 3133 463 3221 ὁμὲν
485 3139 549 3223 γάρ
573 3137 696 3222 λύτρον
724 3143 831 3220 ψυχῆς
857 3133 912 3199 καὶ
935 3136 1152 3221 παράκλησιν,
1237 3136 1388 3220 σώματος
1414 3137 1521 3214 όίλλος

210 3234 411 3321 άνάρρωσιν,
483 3234 593 3319 ἕτερος
617 3241 706 3300 ίασιν
729 3242 836 3318 ψυχῆς
859 3256 893 3298 τε
915 3232 981 3314 καὶ,
995 3234 1145 3317 σώματος
1228 3231 1284 3299 καλ
1311 3243 1375 3311 πᾶς
1401 3232 1522 3300 ὁτιοῦν

210 3333 341 3408 πάντως
373 3332 408 3397 ἐκ
434 3342 495 3398 τοῦ
523 3332 620 3415 ἁγίου
649 3331 847 3416 ἐκέρδαινεν.
934 3332 1033 3409 αὐτὸς
1056 3331 1074 3397 δ
1098 3330 1204 3415 λέγων
1228 3331 1291 3414 ἐγὼ
1315 3335 1350 3397 τί
1369 3333 1433 3416 γάρ
1458 3332 1523 3398 οὐκ

211 3433 351 3512 ἔπαθον,
453 3432 487 3495 τί
509 3426 546 3494 δὲ
569 3429 630 3494 οὐκ
654 3428 847 3515 ἐνηργήθην
867 3429 933 3494 ὑπὸ
957 3438 1018 3493 τοῦ
1048 3431 1226 3515 μάρτυρος;
1317 3432 1351 3493 τί
1377 3423 1442 3495 οὖν
1463 3429 1523 3496 καλ

175 3527 408 3612 τοφράσοιμεν,
471 3527 606 3592 πάντων
630 3526 661 3605 ἐξ
686 3520 734 3591 ὧν
757 3529 886 3591 ἐπαθον
905 3526 1135 3610 διηγουμένων
1157 3529 1198 3591 τά
1220 3528 1376 3611 θαύματα
1452 3527 1526 3612 [καλ

211 3627 251 3688 τὰ
281 3627 385 3689 οίκεῑα
419 3624 537 3709 πάθηΙ,
571 3626 611 3690 οὐ
643 3632 774 3710 θρήνου
806 3622 861 3689 καλ
894 3626 1083 3711 τραγῳδίαν
1112 3626 1347 3710 δυσπρόσιτον,
1446 3626 1524 3695 ἁλλ’

211 3722 320 3806 ὕμνον
341 3721 396 3787 καλ
426 3727 563 3788 ἔπαινον
651 3720 931 3806 προβαλλομένων
955 3720 1159 3809 εὐχάριστον.
1234 3723 1431 3802 αύτόλεκτος
1458 3728 1526 3812 γὰρ

212 3818 362 3904 ἐξήγησις
430 3820 450 3903 ή
473 3832 540 3886 τῶν
563 3827 684 3885 παθῶν
707 3821 833 3901 γίνεται
858 3825 953 3896 ίασις.

300 3994 523 4064 3θεῶμενονΑ
549 3997 552 4063 Ι
579 3994 684 4057 ἐκεῖνος
701 3995 731 4048 Μ
756 3998 760 4064 Ι
785 3995 967 4065 ἐργοδιῶκται
991 3999 1057 4051 ante
1083 3998 1131 4050 καλ
1148 3997 1174 4050 Α
1199 4000 1202 4066 Ι
1229 3994 1438 4061 όκωλυθέντες
1456 4003 1527 4068 ροελ

211 4075 344 4145 μικρδνΑ
360 4079 396 4144 Ι8
417 4075 556 4144 ἐτυψανΑ
572 4078 576 4143 Ι
594 4080 626 4127 13
647 4075 734 4129 αῦτδν
754 4093 806 4129 om.
822 4076 851 4129 M
867 4080 871 4145 Ι
887 4078 1103 4146 ἁγιὰΜΙ25,1
1123 4075 1159 4130 τὰ
1178 4079 1242 4147 μοελ
1260 4075 1385 4148 ἁγίουΜ
1400 4079 1405 4148 Ι
1421 4078 1527 4135 τούτου

211 4173 264 4210 om.
279 4155 308 4207 Μ
325 4159 329 4223 Ι
351 4154 382 4209 ἐκ
400 4158 509 4210 πολλῶν
528 4153 608 4224 ὀλίγα
626 4157 692 4224 post
709 4159 796 4225 θαυμ.
818 4157 880 4210 add.
896 4158 925 4209 M
946 4160 949 4225 Ι
972 4163 987 4209 2
1007 4154 1156 4227 προχέοντι
1174 4157 1200 4210 Α
1225 4155 1351 4227 προχέων
1366 4158 1396 4211 Μ
1416 4161 1421 4228 Ι
1441 4157 1527 4229 τήμε-

211 4236 295 4305 ρονΜ
307 4235 310 4306 Ι
324 4231 493 4288 3δϊδόασιΜ
505 4233 698 4288 διαδιδόασιΑ
715 4239 718 4304 Ι
735 4235 1000 4308 δάπαμειβόντωνΑ
1017 4240 1020 4305 Ι
1038 4237 1198 4300 ῶτιάντεςΜ
1214 4240 1218 4307 Ι
1234 4237 1378 4293 τάδεΑτα
1388 4240 1526 4311 τοῦδεΜΙ

210 4314 488 4384 θάυματουργήματα
506 4317 571 4384 post
589 4315 727 4385 μάρτυρος
746 4317 810 4372 αδδ.
826 4317 856 4370 Μ
872 4319 875 4386 Ι
893 4315 953 4371 λὰν
972 4335 1025 4371 om.
1040 4317 1064 4369 A
1081 4321 1084 4386 Ι
1101 4317 1128 4372 ελ
1139 4319 1168 4370 Μ
1188 4312 1205 4390 ή
1221 4317 1245 4370 Α
1261 4321 1265 4387 Ι
1282 4323 1298 4371 9
1318 4319 1418 4388 δεῖξαι,
1444 4320 1496 4374 sed
1512 4321 1527 4386 ξ

209 4396 304 4466 potius
324 4394 518 4463 compendium
538 4396 664 4465 syllabae
678 4417 733 4465 ται,
746 4398 776 4450 Μ
793 4401 796 4466 Ι
814 4403 847 4450 10
862 4394 945 4466 λόγον
959 4396 988 4449 Μ
1006 4399 1105 4452 λοιπὸν
1121 4398 1145 4450 Α
1161 4402 1165 4467 Ι
1181 4399 1230 4452 καλ
1249 4401 1318 4452 ante
1338 4396 1391 4468 ήδη
1410 4416 1465 4455 om.
1482 4400 1525 4472 ΜΙ

212 4483 243 4529 11
268 4475 303 4529 τὰ
325 4474 461 4543 θαύματα
479 4476 509 4529 Μ
534 4479 538 4544 Ι
568 4477 747 4546 καθεκάστην
769 4481 833 4546 post
857 4494 929 4532 πιστ,
953 4477 1016 4532 add.
1036 4478 1065 4530 M
1090 4481 1094 4547 Ι
1120 4479 1217 4544 δεξιῶς
1240 4497 1293 4533 om.
1310 4479 1340 4532 M
1366 4482 1372 4549 Ι
1401 4479 1525 4536 εύαλλό-

211 4576 295 4625 μενον
305 4556 330 4607 Α
349 4553 498 4624 ἐνλόμενον
508 4557 536 4608 Μ
553 4559 556 4625 Ι
575 4562 606 4610 12
616 4557 666 4611 τὸν
675 4557 851 4624 τυφλὸν-13
862 4555 941 4626 ήλιον
956 4558 1057 4612 desunt
1070 4557 1101 4610 in
1110 4559 1138 4610 M
1155 4561 1158 4627 Ι
1177 4564 1209 4611 13
1223 4559 1287 4613 ἁσελ
1305 4559 1394 4628 λύραν
1413 4576 1469 4614 om.
1480 4562 1508 4614 Α
1520 4562 1525 4635 Ι

213 4643 245 4690 16
266 4634 399 4704 σωμάτων
418 4638 463 4704 ΑΙ
481 4642 512 4689 17
524 4635 615 4704 ἔτερος
626 4669 657 4676 -
669 4638 794 4705 σώματος
812 4654 864 4691 om.
879 4637 904 4689 A
925 4640 928 4705 Ι
951 4643 984 4691 18
1002 4637 1114 4702 πάντας
1136 4640 1201 4708 post
1219 4637 1301 4709 ἁγίου
1320 4639 1350 4705 Μ
1374 4640 1380 4709 Ι
1405 4637 1527 4709 ἐκέρδα-

214 4736 262 4771 νεν
285 4717 313 4769 Μ
330 4719 334 4787 Ι
352 4722 385 4770 19
405 4717 567 4788 εὐηργήθην
588 4717 611 4770 Α
632 4717 635 4789 Ι
657 4722 690 4770 20
710 4715 821 4781 πάντας
838 4717 868 4772 Μ
