3294 5190
571 328 612 382 De
631 328 811 382 incubatione
830 328 992 382 christiane.
1384 331 1424 393 81

118 493 169 575 11,
184 489 323 557 34534.
349 492 384 556 οί
404 488 441 556 δέ
463 492 620 577 μακάριοι
643 492 806 577 μάρτυρες
828 492 986 568 πολλάκις
1010 491 1098 579 αύτῷ
1122 493 1252 578 νύκτωρ
1272 492 1427 580 ἐπιφερό-

117 613 213 674 μενοι
235 590 285 673 12,
300 589 386 652 3457
398 589 434 655 Β.
459 587 619 673 φανέντες
637 591 700 673 γιλρ
719 587 797 653 καθ’
819 589 947 665 ὕπνους
966 588 1066 676 αύτῷ,
1085 591 1211 676 ὥσπερ
1235 592 1428 656 εἰώθασιν

116 688 158 752 ib.
174 687 261 751 3460
272 686 305 752 0.
327 697 426 753 τοῦτο
450 689 513 772 γάρ
538 688 574 751 οί
594 687 682 769 άγιοι
707 684 748 749 δι’
778 685 946 751 ἐνυπνίων
968 688 1005 751 τὸ
1029 690 1184 772 βοήθημα
1205 687 1303 754 παντὶ
1326 707 1428 775 προσ-

119 784 250 868 ενέγκαι
278 793 324 873 τῷ
352 786 477 868 σώματι
506 836 513 848 .
542 835 548 847 .
577 834 584 847 .
612 782 817 870 προσέταξαν
847 783 897 869 15,
912 784 999 847 3469
1010 782 1044 849 0.
1073 785 1109 849 οί
1133 782 1171 850 δέ
1198 787 1317 863 νυκτὸς
1344 789 1429 873 πρὸς

117 883 222 949 αὐτὸν
258 882 415 959 ἐλθόντες
451 883 661 946 καθεύδοντα
699 884 754 966 16,
777 883 865 948 3472
875 881 914 946 Ι).
961 885 1043 969 όναρ
1085 881 1248 968 ὀφθέντες
1290 883 1427 949 ίάσαντο

119 981 170 1063 17,
185 978 323 1046 34764
354 979 507 1044 ύπνώσαι
539 981 598 1044 τὸν
626 984 766 1045 Παῦλον
795 1031 801 1044 .
825 1033 831 1045 .
860 1029 868 1044 .
899 983 1096 1063 ποιήσαντες
1124 1032 1130 1045 .
1159 1032 1166 1045 .
1194 1032 1201 1045 .
1235 980 1427 1067 ἐφίστανται

116 1078 248 1162 νύκτωρ
279 1078 482 1143 καθεύδοντι
523 1077 578 1161 18,
598 1076 735 1142 34761).
780 1079 944 1164 μάρτυρες
979 1077 1056 1142 καθ’
1098 1078 1226 1155 ὕπνους
1265 1078 1429 1163 ὀφθέντες

118 1176 171 1259 20,
185 1173 322 1239 34814.
345 1173 400 1240 καὶ
424 1174 586 1240 ἐνύπνιον
608 1173 662 1239 καλ
682 1176 765 1259 ὀναρ
785 1174 868 1262 ὁράν
892 1175 1150 1260 παρεσκεύασαν.
1174 1174 1268 1242 αὐτοὶ
1287 1174 1325 1242 δέ
1343 1172 1429 1259 ἦσαν

118 1275 154 1339 οί
174 1274 355 1349 δεδωκότες
378 1272 463 1359 δρᾶν
485 1270 540 1336 καί
563 1275 762 1357 φαινόμενοι
786 1270 911 1359 (itaque
930 1274 992 1358 ipsi
1016 1275 1049 1337 in
1069 1295 1133 1357 quo
1152 1279 1328 1359 appareant
1346 1297 1429 1338 mar-

118 1376 206 1455 tyres
228 1372 363 1434 mittunt
387 1367 565 1455 somnium)
589 1370 642 1453 21,
656 1370 788 1434 3484Β.
813 1371 995 1437 ἐκάθευδεν
1017 1369 1078 1456 μὲν
1108 1368 1211 1438 οὖνὸ
1237 1373 1428 1456 Γεννάδιος,

122 1470 317 1555 ἠγρύπνουν
341 1464 378 1532 δέ
400 1469 564 1553 μάρτυρες
588 1517 595 1531 .
620 1519 626 1532 .
651 1519 657 1531 .
680 1469 764 1554 πρὸς
787 1467 889 1533 αὐτὸν
911 1471 1151 1556 παραγίνονται
1173 1470 1226 1554 23,
1240 1468 1373 1534 34880.
1396 1470 1432 1534 οί

120 1568 209 1650 άγιοι
244 1563 313 1631 κατ’
349 1566 431 1650 ὀναρ
466 1563 627 1649 φανέντες
665 1566 718 1649 24,
737 1565 867 1632 34926.
904 1576 1081 1655 νυσταγμςό
1120 1571 1220 1651 βαθεῖ
1250 1567 1428 1652 καταφέρε-

122 1689 175 1729 ται
200 1713 207 1729 .
232 1713 238 1728 .
262 1713 270 1727 .
293 1660 365 1728 ἀλλ’
393 1664 512 1728 ἰδοῦσα
533 1663 673 1739 τούτους
696 1661 882 1750 (martyres)
911 1665 955 1741 ώς
982 1666 1147 1742 ἀκουσίως
1174 1664 1366 1730 ἐκάθευδε.
1390 1716 1397 1729 .
1421 1715 1428 1731 .

122 1760 217 1827 αὐτοὶ
241 1757 309 1826 δέ.
333 1760 473 1845 ..πρὸς
497 1760 601 1843 αὐτὴν
618 1763 859 1845 παραγίνονται
877 1767 946 1827 κτλ.
970 1761 1022 1846 25,
1036 1763 1124 1828 3493
1135 1763 1173 1828 Ι).
1197 1761 1275 1828 καθ’
1301 1762 1429 1840 ὕπνους

119 1861 182 1946 γὰρ
207 1857 289 1943 αὐτῇ
316 1856 542 1943 παραστάντες
572 1856 624 1941 26,
639 1857 775 1922 34974.
808 1861 914 1946 τούτῳ
942 1858 1018 1925 καθ’
1051 1860 1179 1938 ὕπνους
1207 1859 1369 1945 ὀφθέντες
1396 1861 1432 1927 οί

119 1959 284 2044 μάρτυρες
307 1956 359 2040 28,
374 1953 461 2018 3505
471 1955 508 2019 Β.
532 1955 663 2042 νύκτωρ
686 1956 888 2021 καθεύδοντι
912 1961 1090 2042 φαίνονται
1113 1958 1165 2043 30,
1180 1957 1265 2023 3517
1278 1958 1314 2022 Β.
1338 1957 1428 2023 ἐπελ-

119 2056 249 2139 θούσης
272 2051 308 2119 δὲ
336 2063 393 2137 τῆς
415 2054 535 2128 νυκτὸς
562 2054 857 2119 ...καθεύδοντι
886 2055 922 2120 οί
945 2061 1035 2120 θελοι
1060 2059 1279 2142 παρίστανται
1305 2056 1427 2140 μάρτυ-

118 2177 173 2240 ρες
202 2153 243 2216 ib.
272 2150 360 2215 3520
369 2151 406 2215 Β.
454 2149 669 2236 ἐπιφανέντες
705 2146 769 2217 οὖν
804 2151 880 2216 καθ’
922 2152 1049 2229 ὕπνους
1087 2155 1123 2219 οί
1156 2155 1321 2240 μάρτυρες
1349 2203 1357 2218 .
1385 2203 1393 2218 .
1421 2203 1428 2217 .

121 2249 247 2336 φασὶν.
266 2300 274 2316 .
294 2300 301 2315 .
322 2303 327 2315 .
347 2248 401 2315 καί
420 2246 603 2334 ταῦταμὲν
626 2252 707 2336 ὀναρ
732 2251 820 2338 αύτςῖ
844 2250 1145 2336 προσεφθέγγοντο.
1170 2251 1187 2316 ὁ
1212 2248 1248 2316 δὲ
1272 2249 1429 2337 στραφεὶς

120 2351 200 2433 μετὰ
223 2351 284 2433 τὴν
308 2349 426 2434 ὅρασιν
448 2353 514 2413 κτλ.
540 2347 592 2432 31,
606 2347 691 2411 3521
703 2346 743 2412 Ι).
766 2346 840 2433 περλ
864 2349 923 2412 τὸν
946 2350 1075 2434 ὀρθρον
1100 2347 1281 2432 άφύπνωσε
1304 2400 1311 2412 .
1335 2398 1342 2412 .
1366 2398 1373 2412 .
1396 2350 1432 2414 οἳ

118 2447 343 2533 παραστάντες
376 2444 432 2533 (se.
456 2443 642 2531 martyres),
670 2446 718 2522 όις
745 2458 865 2511 πᾶσιν
898 2446 1091 2511 εἰώθασιν
1122 2451 1190 2511 κτλ.
1218 2446 1274 2530 34,
1294 2444 1382 2509 3540
1391 2445 1428 2510 Β.

70 2560 75 2567 ’
122 2542 312 2621 ἐπιστάντες
344 2543 432 2631 αὐτῷ
460 2542 537 2608 καθ’
572 2544 699 2620 ὕπνους
729 2545 765 2609 οί
796 2545 885 2626 ὕγιοι
912 2544 991 2609 τάδε
1018 2553 1127 2609 ποιεῖν
1158 2543 1349 2623 διετάξαντο
1376 2541 1429 2628 35,

120 2641 207 2707 3544
217 2642 254 2706 Β.
289 2640 449 2726 φανέντες
477 2644 525 2719 εἰς
552 2644 634 2729 ὀναρ
663 2641 845 2728 ἀμφότεροι
873 2641 925 2727 36,
940 2640 1077 2706 35524.
1105 2641 1188 2726 δρᾶν
1216 2641 1322 2707 ἐδόκει
1351 2643 1429 2717 τοὺς

119 2742 289 2826 μάρτυρας
312 2741 354 2806 ib.
374 2740 506 2806 35520.
532 2739 713 2825 ἄφύπνωσε
740 2739 792 2805 καλ
810 2791 817 2804 .
837 2739 970 2824 ,βλέπει
998 2741 1075 2817 τοὺς
1102 2741 1428 2826 μάρτυρας...παρε-

124 2850 250 2915 στῶτας
273 2837 328 2903 καὶ
351 2838 509 2922 λέγοντας
532 2838 574 2903 ib.
593 2838 734 2924 35534;
758 2839 797 2903 ef.
817 2838 858 2903 ib.
878 2837 1060 2921 3557AJB.
1080 2836 1241 2903 ἐκάθευδε
1258 2837 1313 2902 καλ
1330 2859 1429 2923 παρε-

121 2947 248 3013 στῶτας
266 2935 378 3020 βλέπει
397 2940 475 3014 τοὺς
494 2938 662 3023 μάρτυρας
676 2937 718 3002 ib.
738 2936 823 3000 3557
834 2935 867 3000 0.
886 2939 964 3012 τοὺς
983 2935 1098 3018 άγίους
1117 2935 1224 3001 ἐδόκει
1237 2935 1428 3000 θεάσασθαι

120 3034 173 3118 37,
188 3032 321 3098 35610.
344 3036 548 3099 καθεύδοντι
572 3038 750 3118 φαίνονται
774 3033 827 3118 38,
841 3031 928 3096 3565
938 3032 977 3096 Ι).
999 3031 1078 3097 καθ’
1100 3033 1142 3115 ἣν
1162 3030 1219 3119 (se.
1237 3030 1355 3118 νύκτα)
1374 3031 1429 3097 καλ

119 3133 155 3195 οί
175 3131 338 3217 μάρτυρες
362 3130 526 3218 Στεφάνῳ
555 3179 562 3195 .
592 3181 597 3194 .
626 3179 634 3194 .
662 3134 841 3216 φαίνονται
868 3129 911 3191 ib.
936 3127 1022 3193 3568
1033 3127 1073 3193 Ι).
1099 3131 1201 3194 πάλιν
1229 3129 1319 3216 αὐτῷ
1346 3132 1428 3194 κατὰ

119 3230 197 3304 τοὺς
220 3227 348 3304 ὕπνους
371 3228 542 3313 ἐφάνησαν
565 3228 607 3292 ib.
627 3224 713 3291 3569
724 3227 761 3291 Β.
784 3228 820 3292 οί
840 3225 1003 3313 μάρτυρες
1026 3228 1061 3291 δι
1098 3226 1273 3313 δραμάτων
1301 3225 1428 3293 ἐκέλευ-

120 3342 184 3391 σαν
208 3325 250 3390 ib.
270 3325 309 3390 D.
332 3328 411 3402 τοὺς
439 3325 556 3408 ἁγίους
583 3326 817 3410 κοιμώμενος.
841 3375 848 3388 .
873 3327 1040 3409 ,ἔβλεπεν
1068 3323 1124 3408 39,
1139 3322 1226 3388 3576
1236 3324 1321 3410 Asss.
1353 3323 1422 3390 κατ’

121 3423 250 3507 ἐκείνην
274 3425 336 3506 τὴν
359 3424 463 3490 νύκτα
484 3424 689 3509 κοιμώμενος
711 3433 920 3510 παρεστῶτας
948 3422 1036 3509 αὐτῷ
1061 3421 1173 3505 βλέπει
1202 3425 1279 3500 τοὺς
1306 3422 1429 3507 μάρτυ-

120 3546 181 3606 ρας
213 3521 271 3606 40,
290 3519 423 3586 35770.
470 3519 589 3586 Caecus
623 3521 752 3605 quidam
785 3522 989 3607 κοιμώμενος
1020 3521 1104 3606 πρὸς
1135 3530 1193 3604 τῆς
1224 3531 1291 3585 τών
1322 3520 1429 3603 ἁγίων

120 3621 221 3702 ἤκουε
246 3622 380 3706 χάριτος
401 3625 469 3685 κτλ.
492 3619 545 3704 46,
560 3618 647 3683 3596
659 3616 691 3684 0.
721 3617 845 3682 Ibidem
864 3616 893 3680 D
913 3617 995 3682 alter
1013 3639 1124 3682 caecus
1147 3627 1205 3700 τῆς
1227 3617 1329 3700 αὐτῆς
1345 3619 1429 3703 πρὸς

122 3718 234 3782 αὐτῶν
256 3718 402 3795 ἀκούσας
424 3718 604 3793 κελεύσεως
625 3723 693 3782 κτλ.
722 3713 934 3803 (ο1.3597Βι
962 3716 1007 3792 ώς
1030 3712 1067 3780 δὲ
1094 3713 1169 3800 μεθ’
1201 3715 1310 3780 ὕπνον
1335 3713 1428 3803 κτλ).

122 3815 157 3879 οί
177 3811 215 3879 δέ
237 3816 344 3903 τούτφ
367 3814 436 3880 κατ’
468 3817 551 3902 ὀναρ
579 3818 797 3901 παρίστανται
825 3811 963 3879 καὶτὸν
990 3816 1116 3900 τρόπον
1143 3822 1201 3897 τῆς
1227 3813 1341 3896 ὕγείας
1368 3837 1427 3897 μη-

120 3913 262 3977 νύουσιν
292 3913 349 3998 47,
368 3912 503 3978 360οΒ.
542 3913 766 3979 ἐκάθευδε.
790 3909 875 3977 ,καί
907 3909 1041 3995 βλέπειν
1071 3911 1179 3976 ἐδόκει
1206 3913 1285 3987 τοὺς
1311 3910 1428 4028 ρλγίους

120 4009 259 4132 δράματι
290 4020 393 4076 ταῦτα
423 4013 672 4098 προσελθόντας
707 4008 763 4074 καλ
801 4008 958 4091 λέγοντας
991 4008 1044 4094 49,
1059 4007 1197 4072 3605Ι)
1231 4009 1352 4085 νυκτὸς
1382 4010 1429 4085 εἰς

120 4107 223 4173 αὐτὸν
246 4107 443 4194 ἀφικόμενοι
470 4108 523 4193 50,
537 4108 672 4172 3609Ι).
695 4107 830 4173 ἐλθόντι
857 4109 921 4193 γὰρ
945 4106 1033 4193 αὐτῷ
1056 4104 1134 4171 καθ’
1160 4106 1268 4172 ὕπνον
1292 4106 1328 4170 οί
1347 4106 1428 4191 μάρ-

119 4230 217 4291 τυρες
231 4210 409 4292 φαίνονται
423 4204 478 4271 καί
492 4205 651 4290 φανέντες
669 4206 707 4270 τὸ
725 4205 835 4279 πάθος
853 4204 958 4280 εὐθὺς
976 4180 1229 4288 φυγαδευουσιν
1237 4202 1290 4288 55
1298 4201 1427 4267 3625Β.

120 4329 159 4391 τῃ
174 4306 296 4389 ταύτης
310 4302 430 4392 (αὐτῇῖ
445 4304 566 4369 eedem
579 4307 674 4370 noete
658 4302 806 4368 eversio
821 4301 867 4366 lah
853 4299 890 4389 ὀ.)
910 4301 1126 4387 ἐπιφανέντες
1139 4299 1235 4367 νυκτὶ
1249 4310 1307 4384 τῆς
1321 4298 1427 4386 ὀρρω-

121 4406 213 4480 στίας
228 4402 412 4468 ἐδίδουν
382 4425 420 4467 το
439 4402 651 4488 φάρμακον..
663 4398 756 4466 .’καθ
784 4399 894 4465 ὕπνον
916 4402 979 4485 γὰρ
1003 4423 1106 4464 ταυτα
1128 4409 1217 4464 ποιεί
1217 4423 1238 4463 ν
1204 4397 1427 4464 λέκελεύετο

121 4498 173 4585 58,
181 4500 317 4566 36324
325 4501 361 4565 Β
385 4498 545 4585 φανέντες
563 4501 627 4586 γάρ
645 4500 728 4564 κατδι
746 4502 825 4574 τοὺς
843 4497 972 4574 ὕπνους
990 4498 1026 4562 οί
1041 4498 1131 4580 ὕγιοι
1149 4501 1217 4561 κτλ.
1236 4493 1288 4579 59,
1299 4494 1427 4559 36338.

121 4599 285 4686 μάρτυρες
317 4601 399 4685 ὀναρ
433 4596 596 4682 ὀφθέντες
624 4595 681 4680 60,
696 4595 895 4661 36360.οί
859 4595 1082 4682 ομάρτυρες
1115 4595 1203 4681 αύτφ
1235 4592 1428 4680 κοιμωμένῳ
1554 4623 1558 4634 ·

122 4699 324 4782 παρίσταντο
344 4695 396 4780 61,
410 4693 542 4760 36370.
566 4696 648 4782 όναρ
667 4693 827 4781 φανέντες
847 4695 983 4760 ίάσαντο
1002 4692 1054 4776 63,
1069 4659 1203 4757 36446.
1226 4691 1428 4756 καθεύδοντι

175 4809 293 4852 nenena
298 4810 533 4860 ,εειιιιιιιιιοιιι
1198 4802 1214 4850 6
