3294 5190
615 303 656 358 De
675 301 856 358 incubatione
875 302 1036 357 christiana.
1439 301 1480 364 97

176 471 206 535 ελ
225 471 458 553 διηγησαίμην,
477 467 645 555 χορίτιδάς
664 465 767 532 τεκαὶ
786 467 1025 554 τριετηρίτιδας
1042 463 1097 529 καὶ
1116 463 1245 554 τὰςιέπὶ
1264 474 1321 548 τῆς
1335 467 1482 542 Βαθείας

172 565 227 632 καὶ
252 566 288 632 ἐν
312 567 613 642 Μενουθίτιδος
637 565 697 644 ἔξω
720 567 899 649 βεβηκυίας
918 565 1008 628 αίδοί
1025 586 1060 627 τε
1082 560 1136 627 καὶ
1154 563 1348 628 καταστάσει
1367 588 1482 645 γυναι-

173 667 255 752 κείᾳ,
278 668 396 741 πόσοις
419 665 531 747 ὄγκοις
554 661 701 746 γλώττης
719 661 739 746 ἢ
757 665 849 749 πόσῳ
868 662 983 726 πλάτει
1003 660 1187 738 συντάξεως
1206 659 1325 726 ἑαυτὸν
1348 660 1483 736 ἐπιδοὺς

173 761 226 828 ἐπὶ
250 763 310 827 τὸν
332 760 574 848 προειρημένον
597 760 745 847 άριθμὸν
768 761 827 824 τὸν
851 758 1026 843 άμύθητον
1055 756 1173 823 ἑαυτὸν
1201 757 1357 823 ἐκδοῦναι
1381 760 1482 841 δυνή-

177 877 289 945 σομαι;
322 858 468 936 Quocum
505 858 591 922 haud
627 856 789 922 discordat
826 855 879 941 sp.
912 856 950 921 R.
974 855 1083 921 11181
1115 888 1156 909 =
1185 856 1227 921 M.
1257 856 1393 943 34160,
1425 856 1481 920 ubi

174 957 341 1022 Menuthis
366 957 455 1022 vicus
480 952 621 1037 δυσαγδς
646 955 832 1019 nominatur
860 955 1020 1019 daemonii
1047 963 1166 1039 κτῆμα,
1195 954 1212 1019 ὃ
1240 964 1297 1039 τῆς
1325 956 1483 1040 δαίμονος

170 1055 320 1141 ὑπῆρχεν
352 1052 528 1137 ε’πάνυμον
557 1050 611 1117 καί
641 1063 709 1117 τῶν
736 1062 923 1138 μυσαρῶν
951 1053 1051 1136 αὐτῆς
1079 1058 1246 1117 τελετῶν
1277 1053 1399 1139 μιαρὸν
1430 1052 1482 1118 ἐν·

174 1155 338 1235 διαίτημα.

262 1248 355 1326 Quod
378 1271 453 1313 vero
478 1248 611 1312 maximi
636 1252 685 1313 est
708 1249 863 1312 momenti
887 1252 1014 1313 constat
1037 1248 1122 1312 iuter
1149 1270 1259 1313 omnes
1283 1247 1401 1312 Isidem
1424 1270 1482 1332 per

172 1369 321 1412 somnum
346 1347 508 1412 sanavisse
533 1350 690 1432 aegrotos,
713 1348 744 1411 h.
765 1369 789 1410 e.
813 1369 870 1430 per
898 1346 1152 1411 incubatiouem:
1180 1370 1237 1432 per
1266 1347 1389 1411 somnia
1412 1347 1481 1411 risa

170 1445 362 1510 medicinam
376 1444 551 1529 praebebat
561 1444 707 1527 clareque
718 1445 821 1529 ipsam
836 1466 908 1509 cum
923 1444 1072 1509 remediis
1088 1467 1121 1509 se
1136 1445 1290 1510 offerebat
1302 1445 1438 1510 infirmis
1447 1443 1480 1532 1).

171 1542 415 1608 lucubationem
448 1542 488 1606 iis
521 1542 707 1628 regionibus
717 1540 742 1629 ²)
775 1543 929 1607 usitatam
959 1542 1060 1607 fuisse
1093 1545 1232 1607 testatur
1262 1542 1392 1628 Strabo,
1425 1543 1480 1625 qui

170 1640 265 1706 XVII
292 1642 319 1726 1,
337 1642 375 1705 17
401 1663 431 1724 p.
454 1640 517 1704 801
553 1641 590 1704 de
623 1640 702 1704 urbe
734 1639 864 1725 Canopo
895 1641 957 1705 hoc
986 1642 1122 1724 profert:
1155 1642 1318 1725 Κάνωβος
1348 1639 1379 1705 δ’
1412 1639 1480 1705 ἐστὶ

170 1741 268 1815 πόλις
287 1790 293 1803 .
313 1788 320 1803 .
340 1787 347 1803 .
366 1741 488 1823 ἔχουσα
506 1738 544 1802 τὸ
568 1747 627 1802 τοῦ
653 1739 847 1823 Σαράπιδος
871 1740 962 1826 ίερὸν
985 1745 1091 1825 πολλη
1119 1738 1268 1826 άγιστείηι
1294 1740 1481 1824 τιμώμενον

170 1835 225 1901 καὶ
244 1839 425 1923 θεραπείας
440 1834 593 1922 ἐκφέρον,
612 1834 763 1900 ὥστεκαὶ
778 1840 856 1913 τοὺς
870 1836 1153 1922 ἐλλογιμωτάτους
1171 1838 1296 1923 άνδρας
1311 1838 1481 1902 πιστεύειν

169 1932 224 1998 καὶ
254 1933 517 2018 ἐγκοιμᾶσθαι
547 1933 669 2008 αὐτοὺς
695 1929 779 2018 ὑπὲρ
809 1932 936 2000 ἑαυτῶν
962 1934 983 2018 ἢ
1013 1932 1152 2021 ἑτέρους.
1182 1935 1414 2021 συγγράφουσι
1444 1934 1484 2000 δέ

169 2055 256 2108 τινες
279 2029 334 2097 καί
357 2034 415 2108 τάς
437 2035 625 2115 θεραπείας.
671 2029 858 2096 Notandum
882 2033 989 2096 vicum
1008 2032 1174 2097 MenuthIs
1192 2055 1293 2116 prope
1313 2031 1480 2117 Canopum

170 2129 269 2193 situm
292 2129 400 2195 fuisse.
447 2128 639 2213 Accepimus
664 2128 770 2211 ipsum
794 2129 999 2194 daemonium
1023 2152 1042 2193 a
1065 2130 1184 2194 sanctis
1208 2130 1377 2214 depulsum
1400 2133 1480 2195 vati·

171 2228 313 2291 cinatum
337 2249 406 2292 esse
430 2231 526 2310 atque
549 2226 689 2290 remedia
712 2228 912 2311 praecepisse
936 2250 994 2292 nec
1022 2250 1088 2292 non
1111 2227 1304 2312 apparuisse
1328 2228 1479 2312 supplici-

169 2325 238 2389 bus.
285 2324 378 2402 Quod
410 2347 468 2409 per
501 2346 648 2390 somnum
681 2324 802 2388 factum
840 2347 909 2390 esse
942 2347 1037 2418 nunc
1063 2325 1193 2409 quidem
1226 2325 1479 2391 concludendum

170 2427 254 2487 esset
277 2423 382 2507 nobis,
407 2423 433 2486 si
457 2422 521 2486 alia
539 2422 726 2486 testimonia
746 2422 924 2487 deficerent.
963 2421 1025 2487 Sed
1044 2422 1106 2487 hoc
1126 2446 1253 2506 quoque
1272 2423 1352 2507 ipsis
1377 2423 1478 2488 oculis

170 2542 283 2605 capere
297 2525 398 2605 potes,
413 2522 440 2585 si
458 2521 609 2604 inspicias
625 2519 736 2604 Gyrilli
754 2522 932 2585 orationem
948 2520 981 2583 in
996 2521 1067 2604 ipso
1082 2524 1261 2604 martyrum
1281 2521 1370 2584 cultu
1385 2520 1478 2584 insti·

171 2620 290 2684 tuendo
305 2619 450 2683 habitam
465 2617 558 2705 (Spu
574 2617 636 2683 ,IV
647 2617 742 2705 ⁶252):
761 2617 930 2701 ἡκέτωσαν
948 2622 1065 2683 τοίνυν
1084 2620 1119 2683 οί
1134 2619 1235 2683 πάλαι
1254 2620 1478 2703 πλανώμενοι·

169 2717 382 2804 ἐρχέσθωσαν
405 2720 452 2794 είς
471 2716 637 2800 άληθινδν
654 2715 709 2781 καὶ
733 2716 962 2799 άκαπηλευτον
987 2718 1145 2803 ἰατρεῖον·
1174 2714 1285 2793 οὐδεὶς
1312 2717 1374 2803 γάρ
1398 2716 1479 2801 ἡμῖν

168 2816 353 2901 ὀνείρατα
380 2815 592 2880 πλάττεται
620 2820 687 2879 κτλ.
733 2813 911 2879 Incubaudi
939 2815 1041 2899 igItur
1068 2837 1177 2898 usum,
1206 2815 1297 2879 cuius
1325 2815 1411 2898 quod
1439 2814 1479 2879 ad

169 2914 335 2979 ecclesiam
359 2912 568 2977 christianam
592 2914 732 2997 pertinet
752 2912 976 2996 copiosissima
994 2912 1181 2976 testimonia
1201 2910 1277 2995 Cyri
1296 2916 1328 2976 et
1346 2911 1477 2976 Ioannis

168 3011 262 3076 nobis
285 3011 441 3096 praebent
469 3011 637 3095 miracula,
665 3010 761 3074 iidem
789 3015 947 3095 martyres
976 3011 1016 3073 ab
1044 3008 1129 3073 Iside
1153 3008 1353 3094 Aegyptiace
1382 3033 1478 3094 quam

169 3156 240 3163 ——-
249 3156 382 3164 —-.--·-—-·

263 3245 288 3310 1)
307 3239 506 3307 Diodor.125‚
522 3247 545 3294 3.
561 3245 585 3294 5.
618 3240 704 3295 Plura
723 3240 800 3310 apud
817 3239 981 3295 Drexlerum
1001 3238 1030 3293 in
1049 3237 1183 3292 Roscheri
1206 3237 1296 3292 lexico
1322 3238 1475 3309 mytholog.

168 3319 194 3373 Π
210 3327 222 3373 1
239 3339 265 3390 p.
282 3325 333 3374 522
342 3337 401 3389 sqq.
418 3338 438 3374 s.
454 3338 480 3374 v.
495 3319 554 3374 Isis.
575 3352 608 3360 -
628 3320 669 3374 Do
687 3320 810 3375 remedio
826 3320 948 3389 quodam
963 3336 996 3373 ex
1010 3318 1166 3389 Hephaesti
1180 3318 1286 3387 templo
1300 3318 1476 3388 Aegyptiaoo

169 3400 313 3470 exscripto
333 3400 403 3454 dicit
422 3399 545 3454 Galenus
564 3400 605 3454 De
625 3400 826 3471 compositione
844 3400 1114 3455 medicamentorum
1132 3416 1181 3468 pcr
1199 3415 1303 3468 genera
1316 3399 1368 3454 Va
1382 3401 1402 3453 t.
1414 3400 1477 3453 XIII

170 3500 197 3551 p.
216 3487 266 3535 776
286 3480 394 3535 Kuehn.
429 3479 490 3545 Qua
509 3496 543 3534 ex
562 3495 591 3533 re
610 3479 778 3534 Meibomias
793 3480 844 3551 (De
858 3480 1039 3535 incubatione
1054 3479 1083 3532 in
1102 3479 1176 3533 fanis
1192 3479 1307 3534 deorum
1320 3479 1477 3535 medicinae

170 3578 256 3615 causa
276 3560 343 3615 olim
357 3560 435 3615 facta
455 3559 497 3631 [in
516 3559 746 3614 dissertationum
764 3561 900 3614 rariorum
916 3561 950 3616 de
970 3559 1189 3629 antiquitatibus
1209 3560 1295 3613 sacris
1310 3561 1338 3614 et
1351 3558 1476 3628 profanis

169 3639 312 3709 fasciculo,
327 3658 410 3709 quem
424 3639 565 3696 recensuit
578 3639 629 3695 Iul.
638 3638 699 3694 Car.
710 3639 861 3710 SchIaeger
873 3640 1078 3695 Helmaestadii
1094 3645 1162 3693 1742
1178 3659 1204 3708 p.
1222 3641 1373 3710 raa-152]
1393 3657 1415 3693 c.
1432 3646 1476 3710 25)

171 3719 309 3774 conclusit
322 3720 353 3774 in
366 3720 521 3790 Hephaesti
535 3737 645 3789 quoque
664 3719 770 3790 templo
789 3719 943 3774 incubandi
961 3738 1043 3774 usum
1061 3718 1210 3774 exstitisse.
1237 3719 1344 3774 Tamen
1358 3719 1476 3773 Kinder-

169 3798 273 3868 Iingius
301 3799 357 3854 Der
386 3800 656 3855 Somnambulismus
680 3817 795 3855 unserer
820 3800 881 3855 Zeit
904 3803 955 3855 etc.
982 3819 1008 3871 p.
1030 3807 1063 3855 16
1086 3799 1241 3855 remedium
1264 3798 1336 3852 illud
1359 3816 1415 3853 non
1440 3801 1476 3853 ad

168 3878 369 3950 Hephaestum,
389 3880 437 3935 sed
457 3880 495 3934 ad
513 3879 616 3935 Isidem
634 3879 774 3949 pertinere
793 3882 884 3949 putat,
903 3880 1019 3949 quiam
1042 3879 1197 3951 Hephaesti
1216 3879 1251 3933 de
1274 3896 1330 3948 quo
1354 3879 1475 3935 diximus

171 3975 250 4012 sacro
269 3958 352 4013 Isidis
372 3963 433 4014 erat
451 3959 534 4030 σηκός
553 3959 676 4030 (Diodor.
693 3960 705 4012 I
720 3965 793 4027 aaa
813 3957 904 4030 [μέχρι
922 3970 971 4016 τοῦ
991 3963 1074 4033 conj).
1104 3960 1271 4016 Coniectura
1289 3977 1345 4014 non
1363 3962 1475 4015 tantum

167 4037 333 4108 probabilis,
353 4039 402 4092 sed
421 4040 507 4094 etiam
526 4039 684 4095 certissima
702 4039 851 4108 videbitur,
871 4057 934 4094 cum
958 4041 1032 4111 quod
1051 4039 1279 4111 Kinderlingium
1302 4040 1377 4110 fugit
1395 4040 1475 4094 addi·

168 4117 291 4173 derimus
310 4119 465 4172 remedium
487 4119 579 4191 ipsum
603 4137 620 4174 a
643 4119 750 4175 Galcno
774 4119 946 4190 descriptum
968 4121 1145 4176 nominatum
1168 4121 1308 4176 fuisse-
1334 4120 1407 4173 ‘Isis’
1429 4121 1474 4190 (cf.

167 4216 193 4268 p.
210 4203 261 4253 774
280 4196 383 4266 capitis
401 4198 538 4269 titulum)1

257 4282 284 4347 κ)
303 4277 345 4332 De
373 4277 554 4335 incubatIone
581 4280 610 4335 in
639 4283 769 4352 Aegypto
798 4280 928 4335 adhibita
960 4281 1088 4337 conferas
1115 4280 1233 4336 Diodori
1260 4282 1354 4335 locum
1382 4279 1474 4334 adhuc

167 4360 328 4429 neglectum
347 4358 417 4427 lca,
432 4364 461 4414 8:
486 4359 556 4415 ἔνιοι
583 4358 615 4415 δὲ
642 4359 769 4432 λέγουσιν
797 4361 883 4416 αὐτὸν
906 4360 1056 4432 (Sesoosin)
1084 4362 1139 4416 ὑπὸ
1162 4371 1211 4432 της
1234 4359 1309 4424 ἰδίας
1330 4360 1474 4432 θυγατρὸς

163 4436 308 4507 Ἀθύρτιος
331 4442 550 4510 παρακληθῆναι
573 4441 644 4508 πρὸς
665 4441 717 4511 τὴν
739 4452 795 4497 τῶν
814 4440 885 4496 ὅλων
904 4439 1080 4511 δυναστείαν,
1098 4440 1134 4511 ἣν
1154 4442 1181 4497 οἱ
1199 4440 1250 4510 μὲν
1273 4438 1380 4496 συνέσει
1402 4443 1473 4495 πολὺ

166 4529 222 4574 τῶν
240 4519 330 4575 άλλων
349 4517 541 4589 διαφέρουσάν
559 4538 629 4589 φασι
648 4521 763 4587 διδάξαι
781 4523 831 4577 τὸν
849 4519 957 4590 πατέρα
975 4519 1079 4598 ῥηιδίως
1098 4521 1158 4594 [διν]
1179 4519 1313 4591 ἐσομένην
1326 4521 1377 4591 τὴν
1391 4538 1473 4590 στρα-

167 4597 255 4668 τείαν,
273 4599 300 4654 ολ
319 4598 350 4655 δὲ
370 4608 489 4672 μαντικῇ
508 4597 651 4670 χρωμένην
669 4603 718 4656 καὶ
742 4602 774 4656 τὸ
798 4600 895 4672 μέλλον
919 4603 1032 4659 ἔσεσθαι
1055 4602 1302 4674 προγινώσκουσαν
1325 4602 1355 4657 ἔκ
1377 4621 1407 4657 τε
1425 4611 1474 4674 της

166 4683 284 4752 θυτικῆς
302 4683 349 4738 καλ
368 4689 428 4752 της
445 4679 671 4752 ἐγκοιμήσεως
687 4689 745 4753 της
763 4682 798 4739 ἐν
816 4692 888 4748 τοῖς
906 4683 1021 4758 ἱεροῖς.

220 4779 363 4838 Doubncr,
378 4781 406 4823 ds
420 4781 571 4824 lucubratione.
1000 4824 1002 4828 ,
1242 4778 1256 4833 7
