3294 5190
177 328 219 392 92
752 328 843 398 Caput
860 328 905 381 IV.

176 494 254 556 adeo
287 493 327 555 iis
359 493 518 577 repletum
551 497 619 557 erat
651 491 821 574 templum,
853 496 890 555 ut
922 491 1035 556 ceteris
1068 492 1250 576 hospitibus
1281 492 1315 556 in
1343 491 1485 556 sacrario

175 594 260 654 esset
292 591 480 654 morandum
490 590 524 677 1).
575 590 738 653 Mirabiles
771 612 842 653 cum
875 591 957 654 fiunt
990 592 1184 674 curationes,
1219 591 1308 655 adest
1344 590 1485 655 aliorum

176 689 342 752 hominum
376 690 431 771 qui
468 689 502 753 in
535 710 623 753 sacro
656 692 825 754 versantur
861 692 998 771 caterva,
1041 711 1176 771 quorum
1209 690 1317 753 omnia
1349 711 1432 773 quae
1466 712 1485 754 a

177 787 295 850 sanctis
319 787 503 850 efficiuntur
526 787 592 849 suis
617 787 798 869 conspicere
822 786 923 851 oculis
946 787 997 851 vel
1023 788 1162 851 maxime
1185 788 1324 851 interest.
1370 787 1485 852 Preca-

175 884 319 947 tionibus
350 885 433 948 inter
463 907 496 948 se
525 884 677 949 adiuvant
705 884 907 968 incubantes,
938 886 1023 969 quod
1053 886 1203 971 cognosci
1233 888 1341 969 potest
1370 887 1483 951 emir.

175 982 229 1062 32,
246 982 334 1045 3524
344 983 381 1065 B,
405 983 460 1046 ubi
483 983 565 1068 legis
588 982 678 1047 haec:
702 978 769 1066 εἶχε
792 979 828 1047 dt
850 982 904 1048 καὶ
928 985 1053 1060 πάντας
1071 983 1160 1070 αὐτῷ
1184 984 1263 1060 τοὺς
1287 982 1323 1048 ἐν
1345 991 1392 1071 τῷ
1415 993 1483 1072 νεῷ

174 1081 485 1165 συμπρεσβεύοντας
507 1079 561 1145 καὶ
584 1082 642 1157 τάς
659 1077 743 1165 ὑπὲρ
762 1081 865 1145 αὐτοῦ
885 1082 976 1157 λιτάς
993 1080 1215 1166 ποιουμένους
1234 1083 1298 1146 σὺν
1317 1076 1483 1169 δάκρυσιν

82 1261 86 1265 χ
173 1175 227 1242 καὶ
250 1183 459 1264 πληροῦντας
477 1180 686 1262 φιλάδελφον
708 1179 888 1263 πρόσταξιν
911 1181 947 1243 τὸ
972 1180 1141 1265 “εὕχεσθαι
1165 1177 1200 1265 (l.
1219 1178 1371 1265 εὔχεσθε)
1395 1177 1481 1266 ὑπὲρ

174 1275 341 1360 ἀλλήλων,
370 1278 458 1354 ὅπως
487 1279 566 1362 λαθη
596 1300 630 1341 τε
658 1276 693 1362 (l.
713 1275 864 1363 λαθιζχτεγ.
909 1277 1073 1342 Dorothea
1100 1301 1157 1362 per
1184 1299 1332 1342 somnum
1356 1300 1376 1341 a
1398 1301 1482 1341 mar-

173 1374 298 1458 tyribus
331 1375 453 1439 monita
485 1375 589 1438 filium
620 1375 675 1456 qui
704 1375 860 1459 serpentis
894 1399 989 1440 ovum
1026 1379 1200 1440 comeserat
1235 1374 1306 1441 loco
1338 1376 1481 1440 indicato

172 1473 349 1555 prosternit
371 1475 523 1556 πλήθους
550 1478 677 1538 πολλοῦ
704 1485 911 1558 παρεστῶτος
937 1472 1172 1560 περιμένοντος
1200 1475 1284 1543 ἰδεῖν
1311 1475 1372 1557 τὴν
1399 1473 1480 1539 άπό-

173 1573 272 1653 βασιν
295 1571 347 1653 34,
362 1568 486 1634 35400
510 1569 563 1655 (cf.
583 1571 625 1634 ib.
644 1567 795 1657 35414).
842 1570 961 1635 Contra
984 1593 1055 1635 cum
1081 1572 1260 1636 haereticus
1284 1571 1414 1654 quidam
1439 1572 1479 1635 ad

176 1690 286 1733 cenam
309 1669 512 1734 Dominicam
537 1669 709 1733 secundum
734 1669 884 1733 ecclesiae
907 1669 1082 1733 catholicae
1104 1671 1202 1733 ritum
1222 1670 1367 1734 accedere
1389 1693 1480 1734 recu-

171 1770 268 1849 saret,
297 1769 387 1852 παρά
416 1779 483 1831 τῶν
511 1767 547 1832 ἐν
574 1775 619 1854 τῷ
648 1775 712 1854 νεῷ
741 1769 890 1853 θόρυβος
919 1765 987 1832 κατ’
1022 1768 1125 1833 αὐτοῦ
1157 1769 1262 1843 πολὺς
1291 1769 1478 1853 διηγείρετο

170 1864 222 1950 32,
237 1862 368 1929 35294.
400 1903 441 1910 -
475 1864 583 1950 Signis
612 1865 798 1929 marmoreis
831 1869 1019 1930 exornatum
1054 1869 1122 1930 erat
1157 1865 1314 1950 templum
1323 1863 1362 1952 ²),
1396 1888 1478 1948 quae

171 1961 298 2045 Christi,
322 1962 451 2027 loannis
474 1964 648 2048 Baptistae,
673 1961 748 2046 Cyri
771 1963 933 2047 martyris,
957 1967 1160 2049 aegrotorum
1184 1965 1327 2047 ipsorum
1351 1964 1478 2050 effigies

172 2062 380 2147 exhibebant3
403 2085 453 2127 res
477 2064 583 2127 variae
606 2062 640 2127 in
664 2063 864 2126 curationum
894 2062 1089 2126 mirabilium
1118 2062 1305 2127 memoriam
1333 2067 1478 2127 servatae

171 2181 207 2223 ac
231 2115 397 2243 propalain
421 2160 556 2225 collocat
543 2165 593 2224 tae
614 2160 811 2244 supplicibus
834 2161 1078 2225 inenarrabilem
1101 2159 1326 2245 praedicabant
1354 2167 1478 2226 sancto-

167 2281 238 2322 rum
262 2259 451 2342 potentiam
447 2256 482 2346 λ.)
529 2257 617 2323 Sacri
642 2262 742 2343 negot
743 2258 774 2323 ia
796 2280 970 2344 permagno
990 2259 1101 2324 minist
1101 2282 1211 2323 rorum
1230 2281 1364 2323 numero
1388 2261 1478 2324 cordi

168 2360 273 2441 erant3
302 2357 420 2439 quibus
452 2357 601 2421 omnibus
630 2360 775 2467 praeerat
803 2378 996 2421 oeconomus
1028 2357 1068 2419 ab
1099 2355 1232 2421 ecclesia
1258 2355 1478 2422 Alexandrina

169 2455 312 2519 constiut
263 2459 379 2538 intus,
407 2456 463 2538 qui
493 2455 681 2519 sufflandi
672 2455 830 2538 imprimis
858 2477 988 2518 munere
1017 2454 1173 2539 iungebat
1173 2452 1253 2541 nrt.)
1300 2453 1478 2539 Sophronii

168 2553 368 2636 temporibus
400 2552 506 2618 Christ
493 2550 657 2639 todorus5)
685 2553 725 2616 ab
752 2551 893 2638 Eulogio
924 2552 1073 2636 episcopo
1096 2550 1313 2618 Alexandrino
1343 2576 1476 2620 oecono-

168 2674 239 2716 mus
263 2653 367 2716 factus
391 2657 447 2735 est,
471 2655 698 2717 consenserunt
722 2673 794 2716 cum
817 2651 957 2737 Eulogio
981 2672 1177 2716 successores
1201 2651 1268 2716 eius
1288 2650 1477 2718 Theodorus

257 2919 282 2986 1)
303 2917 332 2971 όν
351 2921 389 2990 τῷ
404 2921 492 2989 σεπτῷ
510 2924 560 2971 τοῦ
578 2915 709 2986 τεμένους
728 2913 853 2989 ἱερατείῳ
872 2914 1023 2983 κατέκειτο,
1044 2916 1118 2971 ἔνθα
1137 2917 1185 2970 καὶ
1204 2915 1307 2979 πάντες
1326 2917 1353 2972 οἱ
1372 2918 1476 2983 ξενιζό-

171 3016 251 3066 μενοι
270 2995 400 3065 μένουσιν
418 2995 505 3052 τόπον
525 2995 618 3065 ἕτερον
638 2996 687 3051 διὰ
700 2996 749 3052 τόν
773 2996 873 3052 ἐνόντα
896 3005 952 3051 τῶν
976 2996 1135 3051 νοσούντων
1153 2995 1221 3052 λεὼν
1241 2996 1277 3065 μὴ
1301 2995 1478 3065 εὑρίσκοντες

170 3083 212 3147 37,
228 3084 297 3132 3564
307 3079 339 3132 D.
360 3111 393 3117 -
413 3077 576 3132 Causidicus
596 3077 709 3146 quidam
731 3077 851 3132 occurrit
870 3082 912 3145 28,
928 3082 997 3130 3505
1007 3076 1034 3130 C.

257 3170 284 3238 θ)
303 3165 446 3237 Νεμεσίων
467 3211 472 3221 .
493 3212 498 3222 .
520 3211 525 3221 .
545 3165 628 3236 μέρος
644 3189 671 3222 τι
689 3176 739 3222 τοῦ
757 3165 852 3236 τοίχου
871 3164 987 3235 πλησίον
1005 3175 1055 3220 τοῦ
1074 3165 1216 3235 μνήματος
1237 3166 1395 3236 μαρμάροις
1414 3167 1475 3223 ἐκό-

167 3265 277 3318 σμησεν,
296 3248 416 3317 Χριστὸν
437 3249 466 3303 ἐν
485 3248 600 3311 ταύταις
618 3248 763 3318 (coctores)
787 3248 835 3300 καί
856 3245 994 3316 Ἰωάννην
1017 3248 1067 3302 τὸν
1092 3246 1249 3315 Βαπτιοτήν
1272 3265 1301 3301 τε
1326 3249 1376 3302 καί
1400 3247 1475 3317 Πρό-

167 3331 272 3397 ὁρομον
292 3330 340 3382 καλ
359 3333 454 3480 Kissos
472 3329 600 3391 τυπάσας
618 3328 667 3383 τὸν
686 3325 812 3397 μάρτυροι
831 3329 880 3381 καλ
899 3326 999 3383 ἑαυτὸν
1022 3327 1073 3397 τὴν
1098 3326 1143 3381 ἐπὶ
1161 3327 1250 3399 τούτῳ
1273 3326 1356 3397 χάριν
1374 3327 1474 3399 κηρύτ-

164 3428 249 3463 τοντα
269 3414 312 3477 28,
328 3414 397 3463 3505
409 3413 432 3462 8.

259 3501 286 3567 3)
306 3497 352 3551 Sic
375 3497 448 3566 lapis
473 3515 525 3551 ovo
547 3513 599 3566 par
616 3496 813 3566 magnitudine
832 3514 849 3550 a
868 3497 973 3552 sanctis
1001 3514 1035 3552 ex
1061 3496 1178 3551 Antonii
1204 3497 1332 3551 Thebani
1357 3514 1474 3568 corpore

165 3581 289 3632 remotus
308 3578 374 3631 ante
393 3594 488 3631 arcam
506 3594 615 3631 sacram
632 3576 787 3647 pendebat:
808 3582 850 3644 48,
867 3583 935 3631 3604
947 3577 1018 3648 BJC.
1039 3577 1072 3631 cf.
1090 3584 1113 3644 1,
1130 3577 1234 3650 arasse.

257 3671 283 3736 4)
302 3667 455 3736 παριόντος
481 3675 530 3721 τοῦ
556 3667 707 3736 οἰκονόμον
732 3668 780 3720 καλ
806 3666 874 3736 μετὰ
897 3675 992 3736 χεῖρας
1017 3666 1049 3721 τὸ
1072 3665 1262 3735 θυμιατήριον
1289 3665 1403 3736 ἔχοντος
1425 3667 1475 3721 καὶ

165 3751 326 3816 θυμιῶντας
343 3746 374 3801 τὸ
393 3744 506 3816 τέμενος
525 3752 567 3815 31,
583 3752 652 3800 3524
662 3748 693 3800 A.
731 3749 927 3814 Χριστοδόιρου
946 3746 998 3817 γὰρ
1021 3751 1182 3816 θυμιῶντας
1204 3754 1237 3822 τῇ
1260 3743 1338 3818 τρίτη
1361 3745 1394 3800 τό
1417 3755 1474 3801 τῶν

166 3825 253 3897 ἁγίων
272 3828 425 3897 μαρτόριον
445 3825 603 3898 (οἰκονόμος
621 3826 674 3895 γὰρ
694 3822 775 3889 οὗτος
793 3827 954 3899 ἐτύγχανεν)
972 3827 1009 3881 ib.
1029 3827 1059 3881 Β.
1080 3827 1194 3899 ἔβλεπεν
1219 3826 1249 3881 ἐν
1268 3825 1386 3896 σχήματι
1405 3830 1474 3895 Χρι-

164 3909 306 3976 στοὸίορου
325 3911 372 3978 (sc.
392 3908 457 3969 τοὺς
475 3904 627 3975 μάρτυρας)
645 3915 694 3961 τοῦ
713 3906 764 3977 τὴν
782 3905 921 3977 διοίκησιν
941 3908 1052 3979 ἔχοντος
1069 3906 1119 3962 τόν
1133 3906 1205 3962 νεὼν
1219 3905 1407 3975 περιάγοντας
1425 3908 1474 3961 καλ

164 3992 327 4056 θυμιῶντας
347 3989 408 4059 Θεῷ
427 3985 585 4055 θυμιάμασι
605 3992 647 4055 32,
663 3987 769 4041 35280.
788 3996 838 4043 τοῦ
858 3987 1009 4056 οἰκονόμου
1034 3985 1106 4041 κατὰ
1128 3987 1178 4042 τόν
1201 3986 1301 4054 καιρὸν
1319 3985 1475 4054 παριόντος

164 4076 214 4123 τοῦ
232 4067 412 4137 θυμιάματος
429 4067 479 4120 καὶ
497 4066 528 4120 τό
547 4066 736 4136 θυμιατήριον
755 4068 868 4138 ἔχοντος
885 4067 923 4121 ib.
944 4068 976 4120 D.

253 4159 280 4226 ὁ)
300 4154 330 4219 ὃς
349 4152 489 4228 ᾠκονόμοι
508 4164 563 4210 τῶν
582 4154 669 4226 ἁγίαν
691 4157 723 4210 τὸ
742 4155 854 4226 τέμενος
877 4161 902 4223 8,
918 4160 987 4209 3437
997 4155 1029 4209 Α.
1050 4155 1095 4226 (cf.
1116 4160 1158 4224 37,
1175 4153 1279 4209 35641)
1298 4156 1328 4209 ct
1351 4154 1416 4208 adu.
1436 4157 1474 4224 4.)

165 4237 213 4308 ἐφ’
235 4232 268 4292 οὗ
287 4237 336 4290 καλ
354 4235 389 4289 τά
407 4245 466 4299 τοῖς
489 4235 605 4305 μάρτυσι
628 4238 756 4306 δρώμενα
779 4234 917 4306 γράφεται
940 4232 1041 4303 τέρατα
1064 4235 1102 4289 ib.
1126 4237 1156 4290 B.
1199 4234 1251 4289 Est
1273 4233 1474 4289 christodorus

164 4317 222 4384 ille,
242 4315 291 4384 qui
310 4315 418 4370 Mareia
436 4315 465 4379 in
485 4318 586 4387 stagno
605 4317 729 4386 procella
753 4318 850 4371 exorta
874 4332 891 4369 a
913 4314 1084 4384 martyribus
1108 4316 1247 4385 servatur,
1271 4333 1294 4368 v.
1314 4313 1376 4368 mir.
1392 4319 1417 4369 8.
1438 4314 1474 4369 cf.

163 4416 189 4467 p.
205 4402 284 4465 85sq.
313 4394 399 4450 Uxori
418 4395 485 4466 eius,
506 4413 569 4450 cum
588 4397 624 4450 ab
642 4396 786 4452 oeconomi
804 4411 918 4449 munere
938 4395 1116 4465 suscipiendo
1131 4395 1252 4449 retinere
1267 4410 1331 4448 eum
1347 4394 1474 4462 studeat,

164 4478 302 4546 apparent
321 4475 424 4545 sancti,
443 4476 503 4530 mir.
524 4483 548 4530 9,
570 4477 603 4531 of.
625 4496 651 4547 p.
667 4480 709 4531 86.
748 4477 804 4530 Sub
829 4475 921 4545 specie
949 4476 1009 4530 eius
1033 4475 1164 4530 videntur
1186 4475 1274 4544 Cyrus
1301 4476 1330 4529 et
1352 4474 1475 4543 Ioannes

162 4573 212 4626 per
231 4572 371 4623 somnum,
394 4556 454 4611 mir.
471 4563 512 4611 32.
528 4557 562 4611 cf.
577 4576 604 4626 p.
621 4565 662 4612 84.
701 4555 808 4610 Arbitri
830 4555 892 4610 loco
915 4555 945 4609 in
968 4555 1020 4610 lite
1043 4556 1198 4610 advocatur
1225 4555 1300 4609 inter
1323 4557 1475 4624 aegrotum

164 4639 193 4690 ct
211 4635 380 4705 piscatorem
398 4639 476 4705 nata,
494 4636 555 4690 mir.
572 4643 613 4691 35.
634 4637 667 4691 cf.
682 4654 708 4706 p.
725 4642 766 4690 88.
799 4636 853 4692 Pro
868 4635 956 4692 altero
974 4639 1089 4706 aegroto
1108 4636 1134 4690 ei
1153 4635 1308 4692 remedium
1328 4651 1346 4690 a
1364 4635 1476 4692 sanctis

162 4715 312 4788 indicatur,
331 4716 392 4773 mir.
408 4724 450 4772 67.
467 4717 500 4772 cf.
515 4735 541 4787 p.
557 4721 599 4772 85.
