3294 5190
229 327 273 389 44
806 326 897 395 Caput
913 327 945 379 Π.

232 489 422 553 Hemitheae
446 487 577 552 Castabi
601 489 764 553 libabatur
786 489 1026 576 pettupatoffl).

299 628 341 681 De
359 628 511 700 μελικράτῳ
528 629 559 681 in
578 629 655 682 cultu
673 628 793 682 inferum
812 648 836 682 v.
856 630 971 697 Stengel
990 629 1037 683 Gr.
1056 629 1223 683 Kultusalt.’
1240 648 1267 698 p.
1284 637 1344 689 111,
1362 631 1392 682 in
1410 635 1541 684 mortno-

299 727 361 761 rnm
386 709 463 762 cultu
492 710 530 762 ib.
554 727 581 777 p.
603 715 661 762 132.
695 709 729 762 cf.
756 710 791 763 de
816 707 965 777 τηφαλέοις
989 729 1016 778 p.
1040 716 1080 763 17.
1107 709 1232 777 ἄλφιτα
1258 727 1320 762 eum
1345 710 1540 782 μελικράτῳ

300 789 475 857 praebebant
490 788 618 842 draconti
637 806 716 842 sacro
730 789 871 842 Melitensi
890 789 1160 852 (ἀναδεύσαντεςι
1178 789 1337 861 μελικράτφῖ
1359 790 1419 843 ΑεΙ.
1439 791 1467 843 h.
1490 808 1539 844 an.

301 869 337 920 XI
359 874 400 921 17.
433 867 467 921 ef.
487 867 564 920 XVII
583 875 607 922 5.
627 867 662 922 cf.
681 869 770 923 Wess.
790 869 836 923 Gr.
856 868 907 923 ZP.
922 875 966 933 96,
984 875 1054 923 3003
1065 889 1119 938 sq.:
1148 869 1218 923 ἑκτά
1232 869 1283 938 μὲν
1296 879 1387 936 κηροῦ
1405 869 1540 938 κόκκους,

300 950 366 1011 τοὺς
383 947 415 1001 δὲ
433 947 511 1011 ἴσους
528 953 654 1017 κριθῆς
671 949 777 1016 μέλιτι
796 949 982 1012 δειλσαττες
1000 948 1133 1020 ἐνέβαλον
1151 954 1206 1004 κτλ.

318 1200 427 1264 Liceat
451 1202 484 1263 in
507 1201 570 1264 fine
594 1200 692 1265 huius
720 1202 836 1284 capitis
864 1201 902 1266 de
930 1202 1196 1285 inscriptionibus
1224 1202 1421 1279 Maffeianis‚
1453 1227 1539 1288 quas

228 1303 359 1380 vocant,
383 1297 537 1361 nonnulla
560 1300 717 1382 proferre,
740 1300 825 1383 quod
850 1323 913 1384 qua
941 1301 979 1364 de
1007 1323 1102 1364 causa
1129 1302 1187 1364 fiat
1214 1324 1291 1364 mox
1319 1302 1537 1386 intellegetur.

227 1395 459 1479 Inscriptiones
474 1395 548 1459 illae
563 1419 698 1460 numero
717 1401 871 1480 quattuor
888 1420 952 1461 una
971 1399 1004 1461 in
1024 1399 1134 1462 tabula
1152 1400 1340 1464 comunetae
1359 1401 1392 1463 in
1407 1399 1539 1464 Tiberis

228 1494 332 1557 insula
357 1495 504 1558 inventae
528 1501 612 1577 sunt,
636 1494 691 1557 ubi
715 1495 792 1558 olim
816 1494 1001 1579 Aesculapii
1029 1497 1177 1561 exstabat
1200 1519 1335 1561 sacrum.
1359 1496 1540 1561 Continent

229 1597 383 1676 quattuor
407 1593 588 1656 sanationes
613 1595 645 1655 in
675 1593 732 1656 illo
759 1592 929 1677 Asclepieo
958 1595 1073 1679 factas,
1101 1618 1180 1678 quas
1207 1618 1292 1659 nunc
1319 1595 1416 1678 paulo
1443 1617 1539 1659 accu-

231 1691 333 1753 ratius
357 1690 573 1773 dispiciemus,
618 1689 773 1755 Idoneum
796 1693 945 1756 existimo
969 1693 1112 1778 integras
1135 1716 1189 1757 eas
1212 1691 1433 1779 describeret.

319 1786 344 1851 I.
368 1788 494 1863 Αὐταῖς
515 1799 587 1864 ταῖς
614 1787 750 1873 ἡμέραις
779 1793 868 1878 Γαΐφ
897 1789 965 1854 τινλ
992 1797 1108 1878 τυφλῷ
1136 1790 1353 1874 ἐχρημάτισεν
1380 1789 1413 1876 (ὁ
1436 1789 1537 1876 θεὸς)

230 1885 345 1949 ἐλθεῖν
368 1883 435 1969 ἐτηλ
459 1886 512 1969 τὸ]
537 1886 628 1970 ἱερὸν
655 1890 743 1970 βῆμα
764 1885 820 1951 καὶ
847 1899 1089 1972 προσκυνῆσαι,
1112 1885 1212 1973 εἶ[τ]α
1239 1889 1304 1953 ἀπὸ
1331 1899 1392 1954 τοῦ
1419 1888 1538 1967 δεξιοῦ

229 1982 344 2047 ἐλθεῖν
366 1981 420 2048 ἐπὶ
442 1985 480 2048 τὸ
503 1983 680 2068 ἀριστερὸν
702 1983 757 2048 καὶ
784 1993 897 2050 θεῖναι
924 1990 1003 2063 τοὺς
1024 1986 1122 2052 κέντε
1140 1988 1325 2064 δακτύλους
1342 1987 1453 2051 ἐπάνω
1472 1997 1538 2052 τοῦ

229 2084 374 2164 βήματος
405 2078 461 2144 καλ
488 2076 566 2165 ἆραι
594 2083 656 2164 τὴν
683 2093 776 2166 χεῖρα
803 2082 858 2147 καλ
889 2082 1056 2150 ἐπιθεῖναι
1080 2085 1133 2150 ἐπὶ
1161 2087 1239 2162 τοὺς
1268 2087 1375 2161 ἰδίους
1401 2084 1537 2167 ὀφθαλ-

227 2180 326 2262 μούς,
348 2177 403 2243 καλ
427 2179 535 2260 ὀρθὸν
557 2177 718 2260 ἀνέβλεψε
744 2191 805 2245 τοῦ
824 2183 932 2265 δήμου
953 2195 1161 2266 παρεστῶτος
1184 2182 1238 2247 καὶ
1257 2181 1537 2266 συγχαιρομένου,

228 2277 279 2340 ὅτι
303 2280 402 2354 ζῶσαι
425 2274 539 2358 ἀρεταὶ
563 2276 718 2358 ἐγένοντο
741 2277 795 2343 ἐπὶ
817 2289 878 2344 τοῦ
901 2283 1075 2362 Σεβαστοῦ
1097 2280 1192 2364 ἡμῶν
1209 2279 1438 2344 Ἀντιονείνου

314 2373 355 2438 Π.
380 2378 515 2460 Αουκίφ
537 2380 755 2462 τιλευρειτικῷ
777 2375 832 2441 καὶ
850 2377 1088 2466 ἀφηλιιισμένφ
1114 2379 1180 2443 oso
1202 2380 1326 2454 παντὸς
1347 2378 1538 2462 ἀνθρώπου

228 2472 466 2557 ἐχρησμάτισεν
495 2473 513 2537 ὁ
540 2475 621 2548 θεὸς
643 2472 758 2538 ἐλθεῖν
780 2472 836 2538 καὶ
864 2474 900 2540 ἐκ
927 2469 1185 2559 τοτ’)’τριβώμου
1212 2470 1291 2559 ἆραι
1318 2474 1445 2558 τέφραν
1476 2475 1537 2541 καλ

228 2569 297 2653 μετ’
329 2577 426 2635 οῖνου
452 2570 667 2655 ἀναφυράσαι
698 2569 753 2635 καλ
790 2571 957 2638 ἐπιθεῖναι
990 2571 1042 2637 ἐπὶ
1081 2574 1118 2637 τὸ
1147 2574 1309 2657 πλευρόν,
1336 2571 1390 2636 καὶ
1419 2571 1537 2657 ἐσώθη

225 2666 281 2732 καλ
305 2670 448 2753 δημοσίᾳ
470 2669 712 2753 ηὐχαρίστησεν
734 2679 781 2757 τῷ
803 2678 874 2757 θεῷ
897 2668 952 2734 καὶ
975 2670 993 2735 ὁ
1017 2672 1121 2753 δῆμος
1144 2672 1310 2754 συνεχάρη
1334 2669 1433 2755 αὐτῷ.

314 2762 369 2828 llI.
394 2757 484 2849 Αἷμα
507 2764 711 2850 ιἰναφέροντι
728 2766 901 2854 Ἰουλιανῷ
919 2765 1159 2853 άφηλτιισμένφ
1177 2768 1244 2831 ὑπὸ
1257 2768 1381 2842 παντὸς
1398 2766 1537 2851 ἀνθρώ-

224 2885 290 2926 κου
314 2861 551 2946 ἐχρησμάτισεν
574 2862 593 2928 δ
615 2867 696 2941 θεὸς
719 2864 834 2931 ἐλθεῖν
856 2864 911 2930 καὶ
934 2867 971 2931 ἐκ
998 2874 1059 2930 τοῦ
1088 2867 1258 2949 τριβώμου
1286 2859 1363 2949 ἆραι
1390 2867 1537 2942 κόκκους

225 2963 405 3040 στροβίλου
427 2959 482 3024 καὶ
506 2972 628 3043 φαγεῖν
649 2966 730 3045 μετὰ
752 2962 884 3048 μέλιτος
906 2962 959 3028 ἐπὶ
982 2975 1071 3047 τρεῖς
1094 2962 1227 3047 ἡμέρας,
1253 2961 1308 3026 καὶ
1336 2959 1448 3044 ἐσώθη
1477 2962 1537 3027 καλ

226 3056 339 3122 ἐλθὼν
361 3060 505 3144 δημοσίᾳ
526 3059 768 3145 ηὐχαρίστησεν
790 3065 981 3146 ἔμπροσθεν
1002 3070 1063 3125 τοῦ
1087 3063 1204 3144 δήμου.

315 3154 372 3220 IV.
396 3157 569 3244 Οὐαλερίῳ
578 3155 692 3246 ’Ἁτρφ
711 3161 894 3245 στρατιώτῃ
912 3165 1029 3246 τυφλῷ
1048 3158 1264 3244 ἐχρημάτισεν
1281 3158 1299 3222 ὁ
1316 3159 1398 3232 θεὸς
1416 3156 1538 3223 ἐλθεῖν

224 3251 279 3318 καλ
302 3258 417 3335 λαβεῖν
439 3247 520 3339 αἷμα
539 3254 572 3333 ἐξ
595 3255 824 3342 άλεκτρυῶνος
842 3263 963 3322 λευκοῦ
980 3258 1061 3341 μετὰ
1083 3255 1214 3340 μέλιτος
1242 3254 1298 3319 καὶ
1320 3256 1535 3340 κολλύριο[ν]

226 3362 404 3433 συντρῖψαι
426 3351 481 3417 καλ
509 3352 563 3418 ἐστὶ
590 3366 679 3439 τρεῖς
701 3354 823 3439 ἡμέρας
845 3354 1028 3439 ἐκιχρεῖσαι
1056 3352 1110 3418 ἐπὶ
1134 3357 1213 3430 τοὺς
1236 3352 1451 3435 ὀφθαλμούς,
1476 3352 1536 3418 καλ

228 3447 411 3529 ἀνέβλεψεν
433 3448 488 3514 καὶ
511 3450 677 3534 ἐλήλυθεν
698 3452 753 3517 καὶ
776 3453 1018 3537 ηὐχαρίστησεν
1038 3453 1184 3534 δημοσίᾳ
1206 3459 1252 3535 τῷ
1274 3456 1353 3533 θεῷ.

315 3545 497 3629 Dispositio
510 3548 625 3613 harum
640 3551 887 3635 inscriptionum
902 3553 1056 3633 quattuor
1073 3569 1138 3609 una
1156 3550 1206 3609 est
1220 3545 1401 3628 eademque.
1431 3545 1536 3613 [nitio

226 3645 412 3709 nominatur
433 3652 585 3732 aegrotus
609 3648 805 3732 morbusque
828 3647 996 3729 indicatur,
1019 3666 1084 3729 quo
1106 3642 1263 3728 laboret³l
1287 3641 1323 3729 (2
1347 3645 1431 3707 caeci
1455 3646 1535 3729 [sub

225 3739 321 3826 IIV]
352 3744 367 3805 1
398 3743 587 3826 pleuriticus
617 3746 692 3830 [sub
714 3745 760 3829 Il]
795 3747 812 3809 1
842 3743 1032 3828 sanguinem
1059 3764 1230 3824 erumpens
1257 3741 1332 3825 [sub
1355 3739 1453 3824 lm),
1484 3766 1534 3806 se

226 3840 337 3922 quitur
359 3842 536 3907 remedium
560 3866 580 3906 a
607 3843 666 3907 deo
693 3865 752 3926 per
778 3863 927 3906 somnum
954 3840 1077 3903 scilicet
1104 3837 1365 3924 significatum),
1393 3839 1535 3923 denique

226 3939 364 4002 refertur
387 3940 425 4003 de
448 3942 615 4005 sanatione
638 3940 815 4026 gratiisque
839 3939 898 4002 deo
921 3939 1010 4002 actis.

316 4036 519 4103 Sirremedia
552 4037 609 4102 illa
640 4038 781 4102 indicata
817 4038 998 4101 accuratius
1029 4036 1217 4120 perspicies,
1246 4035 1356 4098 statim
1389 4034 1536 4098 animad-

314 4235 340 4300 1)
359 4231 471 4284 Diodor.
496 4231 581 4296 vet,
595 4235 625 4284 5:
656 4229 707 4293 τὰς
729 4228 780 4298 μὲν
802 4229 927 4292 σπονδὰς
948 4228 1100 4302 μελικράτῳ
1123 4237 1242 4283 ποιοῦσι.
1279 4227 1320 4280 De
1339 4242 1424 4280 causa
1446 4225 1535 4281 huius

224 4311 295 4364 ritus
314 4329 337 4364 v.
357 4329 384 4380 p.
400 4315 443 4375 40,
458 4316 482 4363 3.

314 4392 342 4458 ⁶2)
360 4389 401 4442 De
420 4388 550 4443 Kaibelio
568 4389 696 4459 Inscript.
716 4389 761 4443 Gr.
782 4389 896 4444 Siciliae
914 4391 944 4442 et
960 4389 1062 4442 Italiac
1080 4407 1120 4442 nr.
1136 4394 1196 4442 966.

315 4475 342 4523 3'1
361 4469 418 4522 Sub
438 4468 463 4521 Π
481 4470 511 4522 et
528 4469 567 4521 III
585 4470 694 4538 aegroti
713 4469 856 4539 desperati
874 4471 955 4522 erant
973 4469 1009 4522 ab
1028 4469 1157 4522 omnibus
1174 4467 1343 4522 hominibus.

314 4555 341 4615 4)
359 4547 500 4602 Differunt
513 4548 566 4602 hac
581 4548 611 4602 in
624 4567 654 4603 re
668 4549 865 4620 inscriptiones
879 4548 1046 4603 Maffeianae
1060 4549 1096 4602 ab
1111 4547 1341 4617 inscriptionibus
1352 4544 1534 4616 Epidauriis;

225 4629 271 4682 hic
289 4628 365 4682 enim
382 4645 439 4682 non
457 4628 581 4683 remedia
600 4632 852 4683 commemorantur
869 4645 920 4698 per
938 4646 1065 4683 somnum
1087 4629 1172 4695 iussa,
1196 4627 1245 4681 sed
1270 4627 1338 4680 deus
1360 4625 1422 4695 ipse
1444 4631 1534 4682 noctu

226 4707 387 4780 aegrotanti
405 4708 539 4764 medetur.
