3294 5190
578 339 620 393 De
638 338 819 394 incubatione
839 338 999 393 christiana.
1379 341 1440 404 101

135 502 284 568 Theclae:
308 503 491 587 έπιτειχίζει
514 499 551 567 δὲ
575 501 695 586 έαυτην
723 511 768 588 τῷ
797 504 931 586 δαίμονι
958 511 1003 589 τῷ
1034 505 1245 590 Σαρπηδόνι,
1273 512 1319 590 τῷ
1347 529 1443 570 κατα-

133 605 269 687 λαβόντι
293 598 355 686 μὲν
377 602 438 684 την
461 599 514 665 ἐπὶ
537 610 594 684 τῆς
616 601 783 684 θαλάττης
805 600 924 684 χηλὴν,
947 603 1092 677 πολλοὺς
1120 598 1157 666 δέ
1186 607 1355 667 πλανῶντι
1386 601 1443 667 καὶ

132 699 419 782 άποβουκολοῦντι
448 708 506 782 τῆς
537 702 690 782 πίστεως,
720 697 762 762 δι’
799 697 928 762 άπάτου
964 696 998 784 (l.
1030 697 1169 784 ἀπάτης)
1202 704 1355 783 ποικίλης
1387 698 1442 765 καὶ

131 800 293 882 κιβδήλου
315 800 567 883 χρησμολογίας.
612 794 761 860 Alterum
784 796 818 859 in
837 796 1000 860 miraculis
1023 821 1053 881 p.
1076 796 1152 862 138:
1177 797 1242 880 δίμα
1261 821 1296 863 τε
1318 801 1442 883 προση-

131 895 275 978 λασενη
305 893 475 981 παρθένος
502 903 541 979 τῇ
569 895 660 980 χώρᾳ
687 895 790 980 ταότη
818 892 873 958 καὶ
901 895 1007 977 ἥψατο
1034 906 1101 960 τῶν
1128 894 1232 980 ὁρίων
1259 895 1360 979 αὐτῆς
1386 895 1442 960 καὶ

129 995 192 1076 τὴν
214 994 367 1079 κορυφὴν
385 992 510 1076 ταύτην
531 990 689 1076 κατέλαβε
708 989 899 1057 συνέστειλέ
914 1016 948 1057 τε
972 987 1073 1069 αὖθις
1095 991 1150 1057 καὶ
1171 997 1363 1075 κατεσίγασε
1386 992 1441 1059 καὶ

130 1089 226 1176 μέχρι
249 1099 309 1155 τοῦ
329 1099 393 1155 νῦν
416 1089 634 1174 ἀφωνότατον
658 1089 792 1155 ἐκάθισε
815 1091 875 1154 τὸν
898 1094 1180 1175 πολυφωνότατον
1202 1095 1440 1177 χρησμολόγον.

129 1187 198 1252 Iam
221 1188 310 1252 vides
331 1186 521 1252 daemonum
540 1209 695 1274 pugnam:
718 1187 813 1251 facile
831 1188 932 1252 vincit
950 1193 1074 1272 martyr
1093 1188 1276 1253 christiana.
1314 1188 1441 1266 Quanta

130 1308 202 1350 cum
225 1285 311 1350 Iside
334 1284 499 1349 Menuthis
522 1286 593 1350 vico
618 1285 751 1369 depulsa
775 1287 968 1350 similitudo!

221 1391 384 1476 Sarpedon
413 1396 463 1456 est
490 1393 568 1456 deus
597 1392 783 1457 chthonius:
812 1394 880 1476 ipse
908 1392 987 1457 olim
1017 1393 1115 1457 homo
1146 1391 1274 1480 natus¹)
1301 1374 1439 1457 mortem

129 1494 302 1574 postquam
336 1490 495 1574 oppetivit
522 1491 613 1554 iuxta
640 1491 900 1574 promunturium
933 1489 1134 1578 sepelitur2);
1162 1492 1297 1555 daemon
1325 1491 1439 1556 deinde

128 1586 265 1652 habetur
288 1591 384 1672 atque
407 1591 511 1670 vates,
535 1587 671 1671 denique
699 1589 790 1654 deus:
817 1598 938 1654 τοῦτον
966 1592 1085 1654 τοίνυν
1112 1592 1257 1673 λαβόντα
1273 1587 1338 1654 καὶ
1368 1592 1438 1654 δαί-

128 1710 230 1770 μονος
248 1688 353 1770 ὄνομα
372 1684 427 1750 καὶ
446 1687 644 1772 χρησμῳδοῦ
662 1684 717 1751 καὶ
736 1687 883 1769 μάντεως
901 1690 1016 1771 φήμην
1030 1685 1085 1750 καὶ
1105 1688 1161 1751 διὰ
1178 1696 1277 1752 τοῦτο
1296 1687 1437 1765 δόξαντα

127 1786 215 1867 παρα
238 1794 308 1860 τοῖς
335 1783 488 1866 άνοητοις
516 1779 602 1848 εἷναι
629 1785 713 1849 θεὸν
739 1789 807 1849 κτλ.
835 1808 865 1867 p.
887 1783 959 1847 138.
1007 1783 1113 1848 Simili
1137 1785 1233 1849 modo
1263 1806 1309 1849 ex.
1333 1807 1379 1870 gr.
1399 1786 1438 1849 de

127 1881 313 1965 Trophonio
344 1882 487 1945 referunt
520 1881 692 1965 scriptores
726 1881 847 1945 Graeci.
897 1880 1034 1966 Apollo,
1069 1884 1124 1965 qui
1156 1883 1326 1966 permultis
1357 1883 1436 1947 locis

128 1980 256 2044 oracula
284 1978 438 2043 chthonia
467 1983 522 2043 aut
551 1981 713 2063 oppressit
741 1983 795 2043 aut
820 2001 878 2042 suo
907 1980 1036 2043 nomine
1065 1981 1246 2064 occupavit,
1276 1978 1436 2045 Seleuciae

127 2099 269 2161 quoque,
300 2077 356 2140 ubi
385 2100 424 2141 ex
456 2077 690 2160 antiquissimis
718 2077 918 2161 temporibus
947 2076 1164 2162 Sarpedonem
1188 2077 1311 2142 cultum
1334 2079 1435 2142 fuisse

128 2180 377 2240 consentaneum
400 2179 459 2261 est,
482 2176 549 2239 vim
572 2197 663 2239 suam
685 2176 812 2239 videtur
836 2175 1022 2240 declarasse.
1067 2174 1231 2259 Apollinis
1255 2177 1340 2240 enim
1365 2176 1436 2240 Sar-

126 2273 257 2356 pedonii
272 2274 437 2338 cuiusdam
453 2274 619 2338 oraculum
634 2271 796 2337 Seleuciae
816 2274 978 2337 exstitisse
992 2273 1155 2337 Diodorus
1162 2271 1189 2359 3)
1208 2279 1241 2338 et
1255 2273 1435 2361 Zosimus4)

126 2375 380 2436 commemorant
412 2370 472 2458 (in
507 2371 630 2436 Cilicia’
663 2369 787 2457 Diod),
820 2371 853 2433 id
890 2372 976 2453 quod
1009 2370 1225 2455 Sarpedonem
1262 2395 1326 2436 una
1362 2394 1435 2436 cum

127 2468 280 2553 Apolline
308 2468 463 2555 cultum⁵)
487 2468 538 2534 vel
557 2470 675 2534 rectius
694 2468 753 2533 sub
773 2467 936 2553 Apollinis
960 2473 1154 2553 potestatem
1177 2470 1343 2534 redactum
1367 2494 1435 2536 esse

126 2569 296 2653 significat.
342 2567 455 2651 Itaque
485 2569 580 2632 etiam
607 2568 669 2632 hoc
696 2567 767 2632 loco
796 2565 986 2650 Apollineae
1017 2568 1068 2632 vis
1100 2567 1266 2654 religionis
1295 2573 1344 2633 est
1388 2573 1435 2635 ta-

124 2665 284 2754 tuenda⁶).
329 2665 439 2731 Tertia
461 2667 597 2748 denique
620 2666 699 2730 vicit
721 2664 841 2730 Thecla
863 2688 966 2748 neque
989 2670 1099 2730 tamen
1118 2688 1250 2750 prorsus
1275 2668 1434 2732 destruxit

125 2762 318 2847 Sarpedonis
342 2765 537 2830 memoriam.
583 2763 669 2829 Nam
693 2767 862 2848 superatus
884 2765 1012 2847 quidem
1031 2768 1140 2829 tamen
1159 2765 1186 2829 is
1206 2787 1333 2848 quoque
1355 2789 1435 2832 non·

124 2884 298 2945 numquam
318 2864 545 2928 advocabatur:
565 2864 599 2926 in
617 2863 688 2926 mir.
708 2864 728 2926 2
748 2887 777 2947 p.
795 2862 858 2927 138
870 2885 915 2946 sq.
935 2864 973 2927 de
993 2862 1153 2948 pagana⁷)
1175 2864 1311 2946 quadam
1326 2865 1434 2949 agitur

123 2961 254 3024 nomine
277 2958 358 3043 Aba,
383 2982 463 3043 quae
486 2960 576 3043 pedis
605 2983 677 3025 osse
705 2961 868 3034 confracto
898 2961 1052 3044 ἀκίνητος
1075 2956 1131 3044 ἦν,
1160 2958 1239 3025 ποτὲ
1266 2958 1328 3044 μέν
1350 2961 1433 3028 Ἰου-

124 3061 238 3141 δαίων,
263 3053 342 3122 ποτὲ
366 3053 403 3121 δὲ
425 3054 479 3121 καὶ
503 3068 569 3122 τῶν
593 3057 764 3123 άπαοιδῶν
787 3060 925 3141 τούτων,
949 3059 1015 3142 ἅμα
1039 3054 1153 3122 δὲκαὶ
1177 3067 1237 3122 τοῦ
1259 3062 1434 3141 βελτίστου

123 3157 406 3240 Σαρπηδονίου
424 3157 608 3232 παιζόντων
623 3157 670 3230 είς
688 3156 792 3237 αὐτην
810 3153 864 3218 καὶ
884 3156 945 3238 την
963 3151 1024 3239 μὲν
1037 3159 1220 3240 θεραπείαν
1236 3154 1433 3239 ἐπαγγελλο-

122 3259 232 3337 μένων
255 3302 262 3316 .
286 3301 293 3315 .
318 3303 325 3315 .
354 3252 393 3316 οὐ
420 3253 486 3336 μὴν
508 3249 563 3315 καὶ
586 3255 723 3336 ποιῆσαί
744 3276 775 3316 τι
803 3251 1001 3335 δυναμένων
1035 3253 1110 3317 οὔτε
1139 3251 1357 3336 δυνηθέντων
1385 3257 1433 3332 είς

122 3348 223 3426 τέλος.
271 3349 389 3414 Sanata
421 3349 557 3431 denique
585 3372 604 3413 a
631 3349 750 3414 Thecla
775 3349 822 3413 ad
853 3351 950 3414 fidem
983 3350 1192 3415 christianam
1224 3352 1430 3416 convertitur.

122 3447 235 3513 Altero
259 3448 293 3511 in
317 3448 471 3511 miraculo
497 3446 661 3530 Sarpedon
685 3449 777 3532 quasi
796 3450 994 3533 superiorem
1013 3470 1083 3513 esse
1101 3447 1252 3513 Theclam
1275 3450 1431 3536 concedit,

212 3682 237 3746 1)
256 3678 305 3732 τὸν
325 3677 417 3746 ἄνδρα
435 3675 502 3731 ποτὲ
521 3684 621 3732 τοῦτον
640 3674 775 3746 γεγονότα
794 3697 820 3747 p.
837 3683 896 3731 136.

213 3763 240 3827 2)
258 3756 383 3827 ταφέντα
402 3756 434 3812 δὲ
453 3756 530 3825 παρὰ
549 3757 600 3826 τὴν
618 3758 706 3828 χηλὴν
724 3760 771 3812 καὶ
790 3758 841 3828 τὴν
859 3755 943 3827 ἠϊόνα
962 3759 1067 3828 ταύτην
1085 3777 1111 3828 p.
1129 3763 1187 3812 138,

214 3842 240 3909 3)
261 3843 406 3907 32‚10‚2:
427 3836 606 3905 Ἀλεξάνδρου
631 3882 636 3893 .
663 3883 667 3892 .
693 3882 698 3892 .
723 3836 991 3909 χρηστηριαζομένου
1014 3837 1086 3892 κατὰ
1115 3838 1166 3907 τὴν
1190 3836 1333 3907 Κιλικίαν,
1357 3839 1432 3896 ἔνθα

122 3922 209 3989 φασὶν
224 3917 392 3981 Ἀπόλλωνος
410 3915 611 3987 Σαρπηδονίυυ
630 3918 706 3986 ἱερὸν
725 3915 806 3973 εἶναι.

213 4003 241 4071 4)
259 4000 320 4053 157
339 4017 365 4068 p.
385 4004 429 4068 41,
446 4004 478 4052 10
502 3998 609 4052 Mend.:
635 3999 665 4053 ἐν
689 3997 839 4074 Σελευκείᾳ
861 4007 894 4070 τῇ
917 3997 990 4053 κατὰ
1013 3996 1144 4053 Κιλικίαν
1163 3996 1331 4062 ’Λπόλλωνος
1354 4000 1430 4069 ἱερὸν

122 4080 219 4149 ίδρυτο
239 4079 413 4149 καλουμένου
432 4077 647 4148 Σαρπηδονίου,
666 4080 714 4132 καὶ
739 4080 769 4133 ἐν
791 4080 879 4152 τούτῳ
903 4078 1077 4149 χρηστήριον.
1101 4112 1135 4118 -
1158 4079 1289 4134 Fortasse
1311 4080 1365 4134 hoc
1388 4080 1430 4134 in-

120 4161 312 4233 tellegendum
331 4158 475 4213 oraculum
494 4159 569 4228 apud
589 4158 705 4213 Tertull.
725 4159 760 4213 de
779 4175 823 4213 an.
839 4166 872 4213 46
888 4160 916 4214 0.
932 4159 958 4213 S.
974 4159 1004 4212 Ε.
1020 4160 1050 4213 L.
1069 4161 1089 4213 t.
1105 4159 1156 4212 XX
1169 4179 1195 4230 p.
1212 4165 1273 4228 377,
1293 4159 1342 4214 ubi
1355 4159 1430 4214 inter

121 4243 244 4311 oracula,
264 4239 366 4309 quibus
385 4255 435 4309 per
454 4239 563 4293 somnia
582 4239 743 4294 indicantur
761 4239 870 4308 futura,
890 4238 1059 4308 Sarpedonis
1082 4239 1204 4294 occurrit
1224 4243 1275 4308 „ia
1296 4240 1428 4295 Troode“¹

120 4322 228 4377 Calami
251 4321 369 4375 fortasse
394 4319 505 4389 lapsum
528 4319 709 4374 statuendum
733 4336 793 4374 esse
817 4319 944 4373 Rohdius
971 4337 1082 4389 quoque
1104 4320 1229 4390 putavit,
1254 4320 1287 4374 cf.
1307 4320 1429 4389 Psyche¹

119 4404 131 4455 I
172 4408 254 4471 .187‚
268 4407 293 4456 3.

149 4423 168 4474 p
209 4487 235 4554 b)
254 4502 278 4538 v.
298 4481 396 4536 Rohde
415 4481 432 4534 l.
453 4498 473 4534 s.
498 4480 532 4534 cf.
556 4480 588 4534 R.
608 4480 730 4535 Kochler
752 4481 788 4534 M.
808 4480 860 4537 Rh.
878 4486 910 4535 14
933 4484 1026 4552 (1859)
1048 4501 1075 4551 p.
1091 4487 1150 4536 474.
1188 4480 1324 4534 Nonnihil
1348 4498 1427 4536 secus

119 4565 226 4620 Usener
243 4564 369 4619 Gottern.
384 4567 436 4616 218
447 4580 486 4630 sq.

209 4646 235 4714 6)
254 4644 355 4714 Apollo
375 4660 514 4697 unacum
533 4642 693 4712 Sarpedone
712 4642 874 4696 nominatur
891 4641 977 4697 Basil.
992 4661 1018 4712 p.
1034 4647 1094 4696 208.

212 4729 238 4796 7)
255 4725 321 4781 Νοα
338 4725 451 4796 Iudaea,
471 4723 548 4794 quod
566 4721 671 4793 legitur
689 4724 765 4794 apud
783 4723 951 4780 Kochlerum
969 4723 987 4776 l.
1003 4741 1023 4777 s.
1038 4741 1065 4792 p.
1080 4722 1167 4794 473β.
