<?xml version="1.0" encoding="UTF-8"?>
<!DOCTYPE html PUBLIC "-//W3C//DTD XHTML 1.0 Transitional//EN"
    "http://www.w3.org/TR/xhtml1/DTD/xhtml1-transitional.dtd">
<html xmlns="http://www.w3.org/1999/xhtml" xml:lang="en" lang="en">
 <head>
  <title>
</title>
<meta http-equiv="Content-Type" content="text/html;charset=utf-8" />
  <meta name='ocr-system' content='tesseract 3.04.00' />
  <meta name='ocr-capabilities' content='ocr_page ocr_carea ocr_par ocr_line ocrx_word'/>
</head>
<body>
  <div class='ocr_page' id='page_1' title='image "./deincubationeca00deubgoog_0085.png"; bbox 0 0 3294 5190; ppageno 0'>
   <div class='ocr_carea' id='block_1_1' title="bbox 217 346 940 416">
    <p class='ocr_par' dir='ltr' id='par_1_1' title="bbox 217 346 940 416">
     <span class='ocr_line' id='line_1_1' title="bbox 217 346 940 416; baseline 0 -17"><span class='ocrx_word' id='word_1_1' title='bbox 217 349 257 411; x_wconf 71' lang='grc' dir='ltr'><strong><em>τη</em></strong></span> <span class='ocrx_word' id='word_1_2' title='bbox 787 346 876 416; x_wconf 76' lang='lat' dir='ltr'><strong>capue</strong></span> <span class='ocrx_word' id='word_1_3' title='bbox 894 346 940 399; x_wconf 80' lang='lat' dir='ltr'><strong>iv.</strong></span> 
     </span>
    </p>
   </div>
   <div class='ocr_carea' id='block_1_2' title="bbox 215 508 1532 3711">
    <p class='ocr_par' dir='ltr' id='par_1_2' title="bbox 215 508 1527 1345">
     <span class='ocr_line' id='line_1_2' title="bbox 215 508 1526 597; baseline 0 -23"><span class='ocrx_word' id='word_1_4' title='bbox 215 520 265 597; x_wconf 80' lang='grc' dir='ltr'><strong><em>τῷ</em></strong></span> <span class='ocrx_word' id='word_1_5' title='bbox 288 509 590 594; x_wconf 69' lang='grc' dir='ltr'><strong><em>ἀπεγνωσμένην,</em></strong></span> <span class='ocrx_word' id='word_1_6' title='bbox 614 508 697 574; x_wconf 84' lang='grc' dir='ltr'><strong><em>ἀλλὰ</em></strong></span> <span class='ocrx_word' id='word_1_7' title='bbox 721 510 823 594; x_wconf 81' lang='grc' dir='ltr'><strong><em>ἀλλω</em></strong></span> <span class='ocrx_word' id='word_1_8' title='bbox 847 508 926 574; x_wconf 81' lang='grc' dir='ltr'><strong><em>τινὶ</em></strong></span> <span class='ocrx_word' id='word_1_9' title='bbox 951 508 1103 592; x_wconf 82' lang='grc' dir='ltr'><strong><em>λε’χοντες</em></strong></span> <span class='ocrx_word' id='word_1_10' title='bbox 1126 510 1155 591; x_wconf 99' lang='grc'><strong>6,</strong></span> <span class='ocrx_word' id='word_1_11' title='bbox 1175 510 1239 574; x_wconf 87' lang='grc'><strong>336</strong></span> <span class='ocrx_word' id='word_1_12' title='bbox 1250 532 1295 593; x_wconf 88' lang='lat' dir='ltr'><strong>sq.</strong></span> <span class='ocrx_word' id='word_1_13' title='bbox 1328 509 1526 594; x_wconf 79' lang='grc' dir='ltr'><strong><em>ἐπιλαβομέ-</em></strong></span> 
     </span>
     <span class='ocr_line' id='line_1_3' title="bbox 217 601 1527 694; baseline 0.001 -23"><span class='ocrx_word' id='word_1_14' title='bbox 217 633 276 690; x_wconf 91' lang='grc' dir='ltr'><strong>νης</strong></span> <span class='ocrx_word' id='word_1_15' title='bbox 299 612 417 671; x_wconf 83' lang='grc' dir='ltr'><strong><em>τοίνυν</em></strong></span> <span class='ocrx_word' id='word_1_16' title='bbox 439 608 559 682; x_wconf 89' lang='grc' dir='ltr'><strong><em>νυκτὸς</em></strong></span> <span class='ocrx_word' id='word_1_17' title='bbox 582 609 614 671; x_wconf 86' lang='grc' dir='ltr'><strong>οἱ</strong></span> <span class='ocrx_word' id='word_1_18' title='bbox 636 607 805 688; x_wconf 86' lang='grc' dir='ltr'><strong><em>πάνσοφοι</em></strong></span> <span class='ocrx_word' id='word_1_19' title='bbox 829 601 922 671; x_wconf 84' lang='grc' dir='ltr'><strong><em>οὗτοι</em></strong></span> <span class='ocrx_word' id='word_1_20' title='bbox 946 609 1037 689; x_wconf 81' lang='grc' dir='ltr'>ἅγιοι</span> <span class='ocrx_word' id='word_1_21' title='bbox 1061 655 1069 671; x_wconf 89' lang='grc'><strong><em>.</em></strong></span> <span class='ocrx_word' id='word_1_22' title='bbox 1093 658 1100 671; x_wconf 92' lang='grc'><strong><em>.</em></strong></span> <span class='ocrx_word' id='word_1_23' title='bbox 1124 658 1131 671; x_wconf 94' lang='grc'><strong><em>.</em></strong></span> <span class='ocrx_word' id='word_1_24' title='bbox 1160 607 1320 691; x_wconf 80' lang='grc' dir='ltr'><strong><em>φανέντες</em></strong></span> <span class='ocrx_word' id='word_1_25' title='bbox 1343 617 1388 694; x_wconf 77' lang='grc' dir='ltr'><strong><em>τῷ</em></strong></span> <span class='ocrx_word' id='word_1_26' title='bbox 1417 609 1527 690; x_wconf 77' lang='grc' dir='ltr'><strong><em>δῆθεν</em></strong></span> 
     </span>
     <span class='ocr_line' id='line_1_4' title="bbox 218 704 1527 791; baseline -0.001 -22"><span class='ocrx_word' id='word_1_27' title='bbox 218 707 317 791; x_wconf 75' lang='grc' dir='ltr'><strong><em>ἰατρῷ</em></strong></span> <span class='ocrx_word' id='word_1_28' title='bbox 347 716 391 791; x_wconf 78' lang='grc' dir='ltr'><strong><em>τῷ</em></strong></span> <span class='ocrx_word' id='word_1_29' title='bbox 422 707 558 769; x_wconf 81' lang='grc' dir='ltr'><strong><em>συνόντι</em></strong></span> <span class='ocrx_word' id='word_1_30' title='bbox 582 713 626 790; x_wconf 75' lang='grc' dir='ltr'><strong><em>τῷ</em></strong></span> <span class='ocrx_word' id='word_1_31' title='bbox 650 704 852 769; x_wconf 75' lang='grc' dir='ltr'><strong><em>ἀσθενοῦντι</em></strong></span> <span class='ocrx_word' id='word_1_32' title='bbox 880 710 947 770; x_wconf 97' lang='grc' dir='ltr'><strong><em>κτλ.</em></strong></span> <span class='ocrx_word' id='word_1_33' title='bbox 993 705 1136 769; x_wconf 90' lang='lat' dir='ltr'><strong>Medicus</strong></span> <span class='ocrx_word' id='word_1_34' title='bbox 1165 706 1312 787; x_wconf 80' lang='lat' dir='ltr'><strong>proximo</strong></span> <span class='ocrx_word' id='word_1_35' title='bbox 1341 705 1391 769; x_wconf 91' lang='lat' dir='ltr'><strong>die</strong></span> <span class='ocrx_word' id='word_1_36' title='bbox 1414 710 1527 769; x_wconf 84' lang='lat' dir='ltr'><strong>narrat</strong></span> 
     </span>
     <span class='ocr_line' id='line_1_5' title="bbox 215 799 1526 890; baseline 0.002 -25"><span class='ocrx_word' id='word_1_37' title='bbox 215 826 314 886; x_wconf 87' lang='lat' dir='ltr'><strong>puero</strong></span> <span class='ocrx_word' id='word_1_38' title='bbox 338 804 374 867; x_wconf 91' lang='grc' dir='ltr'><strong><em>τὸ</em></strong></span> <span class='ocrx_word' id='word_1_39' title='bbox 398 804 487 887; x_wconf 86' lang='grc' dir='ltr'><strong><em>παρά</em></strong></span> <span class='ocrx_word' id='word_1_40' title='bbox 509 813 577 866; x_wconf 85' lang='grc' dir='ltr'><strong><em>τῶν</em></strong></span> <span class='ocrx_word' id='word_1_41' title='bbox 600 801 705 882; x_wconf 83' lang='grc' dir='ltr'><strong><em>ἁγίων</em></strong></span> <span class='ocrx_word' id='word_1_42' title='bbox 728 851 735 866; x_wconf 92' lang='grc'><strong><em>.</em></strong></span> <span class='ocrx_word' id='word_1_43' title='bbox 760 852 767 865; x_wconf 93' lang='grc'><strong><em>.</em></strong></span> <span class='ocrx_word' id='word_1_44' title='bbox 791 851 798 866; x_wconf 93' lang='grc'><strong><em>.</em></strong></span> <span class='ocrx_word' id='word_1_45' title='bbox 822 800 864 866; x_wconf 88' lang='grc' dir='ltr'><strong>δι’</strong></span> <span class='ocrx_word' id='word_1_46' title='bbox 896 801 1059 887; x_wconf 78' lang='grc' dir='ltr'><strong><em>ὁράματος</em></strong></span> <span class='ocrx_word' id='word_1_47' title='bbox 1077 799 1288 887; x_wconf 69' lang='grc' dir='ltr'><strong><em>προσταχθὲν</em></strong></span> <span class='ocrx_word' id='word_1_48' title='bbox 1307 803 1395 890; x_wconf 75' lang='grc' dir='ltr'><strong><em>αὐτῷ</em></strong></span> <span class='ocrx_word' id='word_1_49' title='bbox 1419 804 1526 888; x_wconf 88' lang='grc' dir='ltr'><strong><em>παρά-</em></strong></span> 
     </span>
     <span class='ocr_line' id='line_1_6' title="bbox 216 898 1526 985; baseline -0.001 -20"><span class='ocrx_word' id='word_1_50' title='bbox 216 900 315 978; x_wconf 86' lang='grc' dir='ltr'><strong><em>δοξον</em></strong></span> <span class='ocrx_word' id='word_1_51' title='bbox 342 901 485 985; x_wconf 80' lang='grc' dir='ltr'><strong><em>χάρισμα</em></strong></span> <span class='ocrx_word' id='word_1_52' title='bbox 515 898 565 981; x_wconf 83' lang='grc'><strong>19,</strong></span> <span class='ocrx_word' id='word_1_53' title='bbox 584 899 703 982; x_wconf 83' lang='lat' dir='ltr'><strong>444sq.</strong></span> <span class='ocrx_word' id='word_1_54' title='bbox 727 937 770 945; x_wconf 90' lang='lat'><em>-</em></span> <span class='ocrx_word' id='word_1_55' title='bbox 798 898 916 962; x_wconf 81' lang='lat' dir='ltr'>Mulier</span> <span class='ocrx_word' id='word_1_56' title='bbox 943 901 1098 983; x_wconf 84' lang='lat' dir='ltr'>quaedam</span> <span class='ocrx_word' id='word_1_57' title='bbox 1127 901 1167 963; x_wconf 94' lang='lat' dir='ltr'><strong>ad</strong></span> <span class='ocrx_word' id='word_1_58' title='bbox 1195 901 1328 965; x_wconf 85' lang='lat' dir='ltr'><strong>alteram</strong></span> <span class='ocrx_word' id='word_1_59' title='bbox 1355 901 1526 964; x_wconf 89' lang='lat' dir='ltr'><strong>mulierem</strong></span> 
     </span>
     <span class='ocr_line' id='line_1_7' title="bbox 216 996 1526 1081; baseline 0.002 -20"><span class='ocrx_word' id='word_1_60' title='bbox 216 1021 249 1061; x_wconf 89' lang='lat' dir='ltr'><strong>se</strong></span> <span class='ocrx_word' id='word_1_61' title='bbox 274 996 417 1062; x_wconf 81' lang='lat' dir='ltr'><strong>conferre</strong></span> <span class='ocrx_word' id='word_1_62' title='bbox 440 996 528 1060; x_wconf 82' lang='lat' dir='ltr'><strong>videt</strong></span> <span class='ocrx_word' id='word_1_63' title='bbox 552 999 692 1061; x_wconf 87' lang='lat' dir='ltr'><strong>sanctos:</strong></span> <span class='ocrx_word' id='word_1_64' title='bbox 721 999 871 1081; x_wconf 87' lang='grc' dir='ltr'><strong><em>ἔρχονται</em></strong></span> <span class='ocrx_word' id='word_1_65' title='bbox 900 999 936 1062; x_wconf 74' lang='lat' dir='ltr'><strong>oi</strong></span> <span class='ocrx_word' id='word_1_66' title='bbox 960 999 1049 1079; x_wconf 82' lang='grc' dir='ltr'><strong><em>ἀγιοι</em></strong></span> <span class='ocrx_word' id='word_1_67' title='bbox 1079 997 1115 1061; x_wconf 83' lang='grc' dir='ltr'><strong>ἐν</strong></span> <span class='ocrx_word' id='word_1_68' title='bbox 1142 997 1238 1063; x_wconf 81' lang='grc' dir='ltr'><strong><em>νυκτὶ</em></strong></span> <span class='ocrx_word' id='word_1_69' title='bbox 1264 997 1319 1062; x_wconf 83' lang='grc' dir='ltr'><strong>καὶ</strong></span> <span class='ocrx_word' id='word_1_70' title='bbox 1347 997 1395 1063; x_wconf 79' lang='grc' dir='ltr'><strong>ἐπ’</strong></span> <span class='ocrx_word' id='word_1_71' title='bbox 1428 1000 1526 1075; x_wconf 80' lang='grc' dir='ltr'><strong><em>ὄψεσι</em></strong></span> 
     </span>
     <span class='ocr_line' id='line_1_8' title="bbox 217 1093 1527 1181; baseline 0 -22"><span class='ocrx_word' id='word_1_72' title='bbox 217 1096 338 1178; x_wconf 81' lang='grc' dir='ltr'><strong><em>ταύτης</em></strong></span> <span class='ocrx_word' id='word_1_73' title='bbox 361 1095 489 1158; x_wconf 82' lang='grc' dir='ltr'><strong><em>ἔδωκαν</em></strong></span> <span class='ocrx_word' id='word_1_74' title='bbox 512 1103 550 1179; x_wconf 77' lang='grc' dir='ltr'><strong><em>τῇ</em></strong></span> <span class='ocrx_word' id='word_1_75' title='bbox 569 1097 711 1175; x_wconf 81' lang='grc' dir='ltr'><strong><em>πλησίον</em></strong></span> <span class='ocrx_word' id='word_1_76' title='bbox 729 1093 831 1176; x_wconf 75' lang='grc' dir='ltr'><strong><em>αὐτῆς</em></strong></span> <span class='ocrx_word' id='word_1_77' title='bbox 849 1093 1046 1180; x_wconf 81' lang='grc' dir='ltr'><strong><em>ἀνακειμένη</em></strong></span> <span class='ocrx_word' id='word_1_78' title='bbox 1066 1093 1178 1180; x_wconf 81' lang='grc' dir='ltr'><strong><em>ἑταίρᾳ</em></strong></span> <span class='ocrx_word' id='word_1_79' title='bbox 1197 1097 1310 1180; x_wconf 84' lang='grc' dir='ltr'><strong><em>γραΐδι</em></strong></span> <span class='ocrx_word' id='word_1_80' title='bbox 1333 1095 1527 1181; x_wconf 89' lang='grc' dir='ltr'><strong><em>ἀσθενούση</em></strong></span> 
     </span>
     <span class='ocr_line' id='line_1_9' title="bbox 215 1189 1527 1277; baseline -0.001 -20"><span class='ocrx_word' id='word_1_81' title='bbox 215 1193 389 1257; x_wconf 83' lang='grc' dir='ltr'><strong><em>πιττάκιον</em></strong></span> <span class='ocrx_word' id='word_1_82' title='bbox 418 1192 538 1276; x_wconf 88' lang='grc' dir='ltr'><strong><em>μικρὸν</em></strong></span> <span class='ocrx_word' id='word_1_83' title='bbox 567 1189 622 1254; x_wconf 80' lang='grc' dir='ltr'><strong>καὶ</strong></span> <span class='ocrx_word' id='word_1_84' title='bbox 654 1190 866 1277; x_wconf 84' lang='grc' dir='ltr'><strong><em>ἀνεχώρησαν</em></strong></span> <span class='ocrx_word' id='word_1_85' title='bbox 894 1192 946 1274; x_wconf 80' lang='grc'><strong>27,</strong></span> <span class='ocrx_word' id='word_1_86' title='bbox 965 1192 1040 1256; x_wconf 88' lang='grc'><strong>498.</strong></span> <span class='ocrx_word' id='word_1_87' title='bbox 1086 1189 1176 1256; x_wconf 84' lang='lat' dir='ltr'><strong>Anus</strong></span> <span class='ocrx_word' id='word_1_88' title='bbox 1209 1192 1265 1255; x_wconf 90' lang='lat' dir='ltr'><strong>illa</strong></span> <span class='ocrx_word' id='word_1_89' title='bbox 1297 1193 1444 1276; x_wconf 83' lang='lat' dir='ltr'><strong>proximo</strong></span> <span class='ocrx_word' id='word_1_90' title='bbox 1475 1192 1527 1256; x_wconf 90' lang='lat' dir='ltr'><strong>die</strong></span> 
     </span>
     <span class='ocr_line' id='line_1_10' title="bbox 216 1284 423 1345; baseline -0.005 -1"><span class='ocrx_word' id='word_1_91' title='bbox 216 1284 265 1345; x_wconf 89' lang='lat' dir='ltr'><strong>est</strong></span> <span class='ocrx_word' id='word_1_92' title='bbox 289 1284 423 1344; x_wconf 89' lang='lat' dir='ltr'><strong>mortua.</strong></span> 
     </span>
    </p>

    <p class='ocr_par' dir='ltr' id='par_1_3' title="bbox 216 1376 1532 3711">
     <span class='ocr_line' id='line_1_11' title="bbox 307 1376 1529 1462; baseline 0.002 -21"><span class='ocrx_word' id='word_1_93' title='bbox 307 1376 466 1441; x_wconf 64' lang='lat' dir='ltr'><strong>(iurantur</strong></span> <span class='ocrx_word' id='word_1_94' title='bbox 489 1377 613 1462; x_wconf 76' lang='lat' dir='ltr'><strong>aegroti</strong></span> <span class='ocrx_word' id='word_1_95' title='bbox 637 1381 693 1441; x_wconf 87' lang='lat' dir='ltr'><strong>aut</strong></span> <span class='ocrx_word' id='word_1_96' title='bbox 721 1377 791 1461; x_wconf 90' lang='lat' dir='ltr'><strong>ipso</strong></span> <span class='ocrx_word' id='word_1_97' title='bbox 821 1399 933 1442; x_wconf 88' lang='lat' dir='ltr'><strong>somno</strong></span> <span class='ocrx_word' id='word_1_98' title='bbox 962 1381 1018 1441; x_wconf 91' lang='lat' dir='ltr'><strong>aut</strong></span> <span class='ocrx_word' id='word_1_99' title='bbox 1045 1379 1194 1443; x_wconf 83' lang='lat' dir='ltr'>remediis</span> <span class='ocrx_word' id='word_1_100' title='bbox 1217 1401 1236 1441; x_wconf 90' lang='lat' dir='ltr'><strong>a</strong></span> <span class='ocrx_word' id='word_1_101' title='bbox 1258 1379 1456 1462; x_wconf 78' lang='lat' dir='ltr'><strong>martyribus</strong></span> <span class='ocrx_word' id='word_1_102' title='bbox 1481 1380 1529 1444; x_wconf 94' lang='lat' dir='ltr'><strong>in-</strong></span> 
     </span>
     <span class='ocr_line' id='line_1_12' title="bbox 218 1474 1528 1562; baseline 0.001 -22"><span class='ocrx_word' id='word_1_103' title='bbox 218 1476 341 1541; x_wconf 91' lang='lat' dir='ltr'><strong>dicatis.</strong></span> <span class='ocrx_word' id='word_1_104' title='bbox 388 1474 516 1540; x_wconf 79' lang='lat' dir='ltr'><strong>Accidit</strong></span> <span class='ocrx_word' id='word_1_105' title='bbox 546 1479 582 1537; x_wconf 87' lang='lat' dir='ltr'><strong>ut</strong></span> <span class='ocrx_word' id='word_1_106' title='bbox 613 1477 796 1540; x_wconf 88' lang='lat' dir='ltr'><strong>sanctorum</strong></span> <span class='ocrx_word' id='word_1_107' title='bbox 827 1476 974 1539; x_wconf 90' lang='lat' dir='ltr'><strong>manibus</strong></span> <span class='ocrx_word' id='word_1_108' title='bbox 1008 1476 1169 1559; x_wconf 77' lang='lat' dir='ltr'><strong>impositis</strong></span> <span class='ocrx_word' id='word_1_109' title='bbox 1205 1480 1357 1541; x_wconf 91' lang='lat' dir='ltr'><strong>sanentur</strong></span> <span class='ocrx_word' id='word_1_110' title='bbox 1388 1478 1528 1562; x_wconf 81' lang='lat' dir='ltr'><strong>aegroti:</strong></span> 
     </span>
     <span class='ocr_line' id='line_1_13' title="bbox 218 1571 1529 1659; baseline 0.001 -21"><span class='ocrx_word' id='word_1_111' title='bbox 218 1572 389 1648; x_wconf 76' lang='grc' dir='ltr'><strong><em>ἐπιθέντες</em></strong></span> <span class='ocrx_word' id='word_1_112' title='bbox 413 1571 464 1637; x_wconf 76' lang='grc' dir='ltr'><strong>ἐπ’</strong></span> <span class='ocrx_word' id='word_1_113' title='bbox 490 1573 593 1636; x_wconf 89' lang='grc' dir='ltr'><strong><em>αὐτὸν</em></strong></span> <span class='ocrx_word' id='word_1_114' title='bbox 616 1574 673 1648; x_wconf 91' lang='grc' dir='ltr'><strong>τάς</strong></span> <span class='ocrx_word' id='word_1_115' title='bbox 696 1584 807 1658; x_wconf 78' lang='grc' dir='ltr'><strong><em>χεῖρας</em></strong></span> <span class='ocrx_word' id='word_1_116' title='bbox 830 1573 979 1658; x_wconf 85' lang='grc' dir='ltr'><strong><em>ἀοράτως</em></strong></span> <span class='ocrx_word' id='word_1_117' title='bbox 1001 1583 1122 1638; x_wconf 88' lang='grc' dir='ltr'><strong><em>τοῦτον</em></strong></span> <span class='ocrx_word' id='word_1_118' title='bbox 1146 1576 1281 1639; x_wconf 85' lang='grc' dir='ltr'><strong><em>ἰάσαντο</em></strong></span> <span class='ocrx_word' id='word_1_119' title='bbox 1304 1575 1335 1659; x_wconf 85' lang='grc'><strong>4,</strong></span> <span class='ocrx_word' id='word_1_120' title='bbox 1354 1575 1428 1638; x_wconf 87' lang='grc'><strong>330.</strong></span> <span class='ocrx_word' id='word_1_121' title='bbox 1458 1575 1529 1639; x_wconf 87' lang='grc' dir='ltr'><strong><em>ε’πι-</em></strong></span> 
     </span>
     <span class='ocr_line' id='line_1_14' title="bbox 216 1669 1529 1758; baseline 0 -22"><span class='ocrx_word' id='word_1_122' title='bbox 216 1670 332 1745; x_wconf 82' lang='grc' dir='ltr'><strong><em>θέντες</em></strong></span> <span class='ocrx_word' id='word_1_123' title='bbox 347 1669 396 1735; x_wconf 85' lang='grc' dir='ltr'><strong>ἐπ’</strong></span> <span class='ocrx_word' id='word_1_124' title='bbox 414 1670 517 1735; x_wconf 88' lang='grc' dir='ltr'><strong><em>αὐτὸν</em></strong></span> <span class='ocrx_word' id='word_1_125' title='bbox 531 1672 588 1745; x_wconf 85' lang='grc' dir='ltr'><strong><em>τὰς</em></strong></span> <span class='ocrx_word' id='word_1_126' title='bbox 607 1669 703 1752; x_wconf 81' lang='grc' dir='ltr'><strong><em>ἁγίας</em></strong></span> <span class='ocrx_word' id='word_1_127' title='bbox 722 1670 833 1735; x_wconf 85' lang='grc' dir='ltr'><strong><em>αὐτῶν</em></strong></span> <span class='ocrx_word' id='word_1_128' title='bbox 840 1669 864 1758; x_wconf 89' lang='grc'><strong>1)</strong></span> <span class='ocrx_word' id='word_1_129' title='bbox 884 1682 995 1756; x_wconf 84' lang='grc' dir='ltr'><strong><em>χεῖρας</em></strong></span> <span class='ocrx_word' id='word_1_130' title='bbox 1017 1680 1074 1753; x_wconf 78' lang='grc' dir='ltr'><strong><em>τῆς</em></strong></span> <span class='ocrx_word' id='word_1_131' title='bbox 1092 1674 1195 1736; x_wconf 83' lang='grc' dir='ltr'><strong><em>νόσου</em></strong></span> <span class='ocrx_word' id='word_1_132' title='bbox 1215 1672 1317 1736; x_wconf 88' lang='grc' dir='ltr'><strong><em>αὐτὸν</em></strong></span> <span class='ocrx_word' id='word_1_133' title='bbox 1336 1671 1529 1755; x_wconf 79' lang='grc' dir='ltr'><strong><em>ἀπήλλαξαν</em></strong></span> 
     </span>
     <span class='ocr_line' id='line_1_15' title="bbox 217 1766 1530 1854; baseline 0.002 -22"><span class='ocrx_word' id='word_1_134' title='bbox 217 1769 247 1850; x_wconf 81' lang='grc'><strong>6,</strong></span> <span class='ocrx_word' id='word_1_135' title='bbox 267 1767 340 1831; x_wconf 88' lang='grc'><strong>352.</strong></span> <span class='ocrx_word' id='word_1_136' title='bbox 386 1766 505 1832; x_wconf 89' lang='lat' dir='ltr'><strong>Unctio</strong></span> <span class='ocrx_word' id='word_1_137' title='bbox 536 1767 606 1831; x_wconf 91' lang='lat' dir='ltr'><strong>oleo</strong></span> <span class='ocrx_word' id='word_1_138' title='bbox 635 1767 720 1832; x_wconf 82' lang='lat' dir='ltr'><strong>facta</strong></span> <span class='ocrx_word' id='word_1_139' title='bbox 747 1769 942 1851; x_wconf 81' lang='lat' dir='ltr'><strong>martyribus</strong></span> <span class='ocrx_word' id='word_1_140' title='bbox 970 1772 1154 1834; x_wconf 90' lang='lat' dir='ltr'><strong>consecrato</strong></span> <span class='ocrx_word' id='word_1_141' title='bbox 1182 1770 1235 1854; x_wconf 87' lang='grc'><strong>29,</strong></span> <span class='ocrx_word' id='word_1_142' title='bbox 1254 1769 1328 1834; x_wconf 88' lang='grc'><strong>530.</strong></span> <span class='ocrx_word' id='word_1_143' title='bbox 1374 1770 1451 1834; x_wconf 88' lang='lat' dir='ltr'><strong>Vim</strong></span> <span class='ocrx_word' id='word_1_144' title='bbox 1481 1792 1530 1834; x_wconf 87' lang='lat' dir='ltr'><strong>sa-</strong></span> 
     </span>
     <span class='ocr_line' id='line_1_16' title="bbox 217 1865 1525 1949; baseline 0.002 -20"><span class='ocrx_word' id='word_1_145' title='bbox 217 1866 381 1929; x_wconf 87' lang='lat' dir='ltr'><strong>lutiferam</strong></span> <span class='ocrx_word' id='word_1_146' title='bbox 405 1865 563 1949; x_wconf 84' lang='lat' dir='ltr'><strong>imprimis</strong></span> <span class='ocrx_word' id='word_1_147' title='bbox 587 1866 717 1929; x_wconf 85' lang='lat' dir='ltr'><strong>exhibet</strong></span> <span class='ocrx_word' id='word_1_148' title='bbox 737 1888 807 1929; x_wconf 90' lang='lat' dir='ltr'><strong>cera</strong></span> <span class='ocrx_word' id='word_1_149' title='bbox 831 1867 949 1931; x_wconf 89' lang='lat' dir='ltr'><strong>sanctis</strong></span> <span class='ocrx_word' id='word_1_150' title='bbox 969 1867 1082 1948; x_wconf 86' lang='lat' dir='ltr'><strong>dicata,</strong></span> <span class='ocrx_word' id='word_1_151' title='bbox 1106 1867 1145 1931; x_wconf 82' lang='lat' dir='ltr'><strong>cf.</strong></span> <span class='ocrx_word' id='word_1_152' title='bbox 1165 1889 1237 1931; x_wconf 90' lang='lat' dir='ltr'><strong>cum</strong></span> <span class='ocrx_word' id='word_1_153' title='bbox 1256 1867 1407 1931; x_wconf 88' lang='lat' dir='ltr'><strong>aliatum</strong></span> <span class='ocrx_word' id='word_1_154' title='bbox 1427 1868 1525 1932; x_wconf 88' lang='lat' dir='ltr'><strong>trium</strong></span> 
     </span>
     <span class='ocr_line' id='line_1_17' title="bbox 216 1961 1528 2049; baseline 0.002 -21"><span class='ocrx_word' id='word_1_155' title='bbox 216 1962 444 2028; x_wconf 84' lang='lat' dir='ltr'><strong>miraculorum</strong></span> <span class='ocrx_word' id='word_1_156' title='bbox 469 1963 582 2027; x_wconf 89' lang='lat' dir='ltr'><strong>seriem</strong></span> <span class='ocrx_word' id='word_1_157' title='bbox 608 1964 737 2027; x_wconf 87' lang='grc'>14-16</span> <span class='ocrx_word' id='word_1_158' title='bbox 765 1987 794 2045; x_wconf 90' lang='lat' dir='ltr'><strong>p.</strong></span> <span class='ocrx_word' id='word_1_159' title='bbox 815 1964 878 2027; x_wconf 80' lang='lat'><strong>398</strong></span> <span class='ocrx_word' id='word_1_160' title='bbox 890 1986 958 2047; x_wconf 92' lang='lat' dir='ltr'><strong>sqq.</strong></span> <span class='ocrx_word' id='word_1_161' title='bbox 966 1961 990 2049; x_wconf 73' lang='grc'><strong>2)</strong></span> <span class='ocrx_word' id='word_1_162' title='bbox 1036 1963 1171 2029; x_wconf 88' lang='lat' dir='ltr'><strong>Iudaeae</strong></span> <span class='ocrx_word' id='word_1_163' title='bbox 1200 1966 1364 2030; x_wconf 92' lang='lat' dir='ltr'><strong>cuiusdam</strong></span> <span class='ocrx_word' id='word_1_164' title='bbox 1393 1967 1528 2049; x_wconf 87' lang='lat' dir='ltr'><strong>curati0,</strong></span> 
     </span>
     <span class='ocr_line' id='line_1_18' title="bbox 217 2061 1529 2150; baseline 0 -24"><span class='ocrx_word' id='word_1_165' title='bbox 217 2063 268 2127; x_wconf 90' lang='lat' dir='ltr'><strong>cui</strong></span> <span class='ocrx_word' id='word_1_166' title='bbox 292 2066 447 2145; x_wconf 84' lang='lat' dir='ltr'><strong>martyres</strong></span> <span class='ocrx_word' id='word_1_167' title='bbox 471 2061 800 2146; x_wconf 89' lang='grc' dir='ltr'><strong><em>προστάττουσιν...</em></strong></span> <span class='ocrx_word' id='word_1_168' title='bbox 819 2073 927 2146; x_wconf 85' lang='grc' dir='ltr'><strong><em>κρεῶν</em></strong></span> <span class='ocrx_word' id='word_1_169' title='bbox 949 2066 1135 2146; x_wconf 86' lang='grc' dir='ltr'><strong><em>χοιρείων</em></strong></span> <span class='ocrx_word' id='word_1_170' title='bbox 1157 2066 1354 2146; x_wconf 85' lang='grc' dir='ltr'><strong><em>μεταλαβεῖν</em></strong></span> <span class='ocrx_word' id='word_1_171' title='bbox 1377 2062 1422 2150; x_wconf 85' lang='grc'><strong>(2,</strong></span> <span class='ocrx_word' id='word_1_172' title='bbox 1437 2061 1529 2150; x_wconf 91' lang='grc'>316),</span> 
     </span>
     <span class='ocr_line' id='line_1_19' title="bbox 222 2157 1529 2246; baseline 0.001 -22"><span class='ocrx_word' id='word_1_173' title='bbox 222 2162 256 2224; x_wconf 92' lang='lat' dir='ltr'><strong>in</strong></span> <span class='ocrx_word' id='word_1_174' title='bbox 279 2160 467 2223; x_wconf 88' lang='lat' dir='ltr'><strong>memoriam</strong></span> <span class='ocrx_word' id='word_1_175' title='bbox 491 2162 620 2224; x_wconf 87' lang='lat' dir='ltr'><strong>revocat</strong></span> <span class='ocrx_word' id='word_1_176' title='bbox 642 2158 820 2239; x_wconf 80' lang='lat' dir='ltr'><strong>historiam,</strong></span> <span class='ocrx_word' id='word_1_177' title='bbox 844 2181 925 2242; x_wconf 89' lang='lat' dir='ltr'><strong>quae</strong></span> <span class='ocrx_word' id='word_1_178' title='bbox 949 2160 1034 2242; x_wconf 89' lang='lat' dir='ltr'><strong>apud</strong></span> <span class='ocrx_word' id='word_1_179' title='bbox 1054 2157 1185 2224; x_wconf 84' lang='lat' dir='ltr'><strong>Suidam</strong></span> <span class='ocrx_word' id='word_1_180' title='bbox 1208 2161 1328 2246; x_wconf 88' lang='lat' dir='ltr'><strong>legitur</strong></span> <span class='ocrx_word' id='word_1_181' title='bbox 1346 2182 1369 2225; x_wconf 91' lang='lat' dir='ltr'><strong>s.</strong></span> <span class='ocrx_word' id='word_1_182' title='bbox 1388 2185 1416 2225; x_wconf 91' lang='lat' dir='ltr'><strong>v.</strong></span> <span class='ocrx_word' id='word_1_183' title='bbox 1435 2167 1529 2244; x_wconf 83' lang='grc' dir='ltr'><strong><em>Δομ-</em></strong></span> 
     </span>
     <span class='ocr_line' id='line_1_20' title="bbox 217 2254 1530 2342; baseline -0.002 -19"><span class='ocrx_word' id='word_1_184' title='bbox 217 2270 319 2334; x_wconf 84' lang='grc' dir='ltr'><strong><em>νῑνος.</em></strong></span> <span class='ocrx_word' id='word_1_185' title='bbox 365 2258 428 2321; x_wconf 90' lang='lat' dir='ltr'><strong>Hic</strong></span> <span class='ocrx_word' id='word_1_186' title='bbox 456 2257 541 2321; x_wconf 91' lang='lat' dir='ltr'><strong>enim</strong></span> <span class='ocrx_word' id='word_1_187' title='bbox 570 2257 681 2320; x_wconf 91' lang='lat' dir='ltr'><strong>eodem</strong></span> <span class='ocrx_word' id='word_1_188' title='bbox 713 2254 886 2342; x_wconf 77' lang='lat' dir='ltr'><strong>remedio³)</strong></span> <span class='ocrx_word' id='word_1_189' title='bbox 915 2260 1045 2320; x_wconf 90' lang='lat' dir='ltr'><strong>sanatur</strong></span> <span class='ocrx_word' id='word_1_190' title='bbox 1073 2256 1172 2341; x_wconf 82' lang='lat' dir='ltr'><strong>Syrus</strong></span> <span class='ocrx_word' id='word_1_191' title='bbox 1199 2259 1380 2323; x_wconf 92' lang='lat' dir='ltr'><strong>Domninus</strong></span> <span class='ocrx_word' id='word_1_192' title='bbox 1408 2258 1465 2342; x_wconf 88' lang='lat' dir='ltr'><strong>qui</strong></span> <span class='ocrx_word' id='word_1_193' title='bbox 1492 2259 1530 2322; x_wconf 84' lang='lat' dir='ltr'><strong>in</strong></span> 
     </span>
     <span class='ocr_line' id='line_1_21' title="bbox 219 2353 1529 2439; baseline 0 -20"><span class='ocrx_word' id='word_1_194' title='bbox 219 2354 389 2439; x_wconf 87' lang='lat' dir='ltr'><strong>Asclepieo</strong></span> <span class='ocrx_word' id='word_1_195' title='bbox 404 2353 596 2419; x_wconf 84' lang='lat' dir='ltr'><strong>Atheniensi</strong></span> <span class='ocrx_word' id='word_1_196' title='bbox 611 2354 788 2432; x_wconf 81' lang='lat' dir='ltr'><strong>incubavit3</strong></span> <span class='ocrx_word' id='word_1_197' title='bbox 808 2376 912 2418; x_wconf 92' lang='lat' dir='ltr'><strong>mores</strong></span> <span class='ocrx_word' id='word_1_198' title='bbox 927 2354 1052 2437; x_wconf 89' lang='lat' dir='ltr'><strong>paterni</strong></span> <span class='ocrx_word' id='word_1_199' title='bbox 1067 2356 1195 2439; x_wconf 90' lang='lat' dir='ltr'><strong>utrique</strong></span> <span class='ocrx_word' id='word_1_200' title='bbox 1214 2356 1372 2420; x_wconf 88' lang='lat' dir='ltr'><strong>curationi</strong></span> <span class='ocrx_word' id='word_1_201' title='bbox 1387 2357 1529 2439; x_wconf 85' lang='lat' dir='ltr'><strong>obstant,</strong></span> 
     </span>
     <span class='ocr_line' id='line_1_22' title="bbox 218 2450 1528 2537; baseline 0.001 -20"><span class='ocrx_word' id='word_1_202' title='bbox 218 2477 298 2537; x_wconf 90' lang='lat' dir='ltr'><strong>quae</strong></span> <span class='ocrx_word' id='word_1_203' title='bbox 320 2458 428 2517; x_wconf 85' lang='lat' dir='ltr'><strong>tamen</strong></span> <span class='ocrx_word' id='word_1_204' title='bbox 448 2454 584 2535; x_wconf 89' lang='lat' dir='ltr'><strong>denique</strong></span> <span class='ocrx_word' id='word_1_205' title='bbox 604 2452 750 2516; x_wconf 86' lang='lat' dir='ltr'><strong>efficitur.</strong></span> <span class='ocrx_word' id='word_1_206' title='bbox 783 2451 811 2514; x_wconf 83' lang='grc' dir='ltr'>Ε</span> <span class='ocrx_word' id='word_1_207' title='bbox 832 2450 907 2535; x_wconf 82' lang='lat' dir='ltr'><strong>Oyri</strong></span> <span class='ocrx_word' id='word_1_208' title='bbox 927 2455 959 2514; x_wconf 87' lang='lat' dir='ltr'><strong>et</strong></span> <span class='ocrx_word' id='word_1_209' title='bbox 977 2450 1108 2517; x_wconf 91' lang='lat' dir='ltr'><strong>Ioannis</strong></span> <span class='ocrx_word' id='word_1_210' title='bbox 1123 2454 1285 2518; x_wconf 88' lang='lat' dir='ltr'><strong>miraculis</strong></span> <span class='ocrx_word' id='word_1_211' title='bbox 1301 2455 1364 2518; x_wconf 89' lang='lat' dir='ltr'><strong>iam</strong></span> <span class='ocrx_word' id='word_1_212' title='bbox 1378 2455 1441 2518; x_wconf 92' lang='lat' dir='ltr'><strong>hoc</strong></span> <span class='ocrx_word' id='word_1_213' title='bbox 1455 2454 1528 2518; x_wconf 94' lang='lat' dir='ltr'><strong>loco</strong></span> 
     </span>
     <span class='ocr_line' id='line_1_23' title="bbox 218 2548 1528 2638; baseline 0 -22"><span class='ocrx_word' id='word_1_214' title='bbox 218 2552 384 2616; x_wconf 86' lang='lat' dir='ltr'><strong>adnectere</strong></span> <span class='ocrx_word' id='word_1_215' title='bbox 407 2551 505 2614; x_wconf 88' lang='lat' dir='ltr'><strong>velim</strong></span> <span class='ocrx_word' id='word_1_216' title='bbox 529 2550 581 2634; x_wconf 91' lang='grc'><strong>54,</strong></span> <span class='ocrx_word' id='word_1_217' title='bbox 601 2550 688 2613; x_wconf 88' lang='grc'>3624</span> <span class='ocrx_word' id='word_1_218' title='bbox 699 2548 733 2633; x_wconf 77' lang='lat' dir='ltr'><strong>C,</strong></span> <span class='ocrx_word' id='word_1_219' title='bbox 756 2549 811 2613; x_wconf 93' lang='lat' dir='ltr'><strong>ubi</strong></span> <span class='ocrx_word' id='word_1_220' title='bbox 835 2550 940 2613; x_wconf 90' lang='lat' dir='ltr'><strong>filium</strong></span> <span class='ocrx_word' id='word_1_221' title='bbox 959 2551 1052 2634; x_wconf 85' lang='lat' dir='ltr'><strong>adipe</strong></span> <span class='ocrx_word' id='word_1_222' title='bbox 1076 2551 1194 2616; x_wconf 89' lang='lat' dir='ltr'><strong>suillo</strong></span> <span class='ocrx_word' id='word_1_223' title='bbox 1218 2551 1342 2616; x_wconf 91' lang='lat' dir='ltr'><strong>illinere</strong></span> <span class='ocrx_word' id='word_1_224' title='bbox 1366 2550 1528 2638; x_wconf 69' lang='lat' dir='ltr'><strong>iubetur4)</strong></span> 
     </span>
     <span class='ocr_line' id='line_1_24' title="bbox 217 2647 1530 2733; baseline 0 -19"><span class='ocrx_word' id='word_1_225' title='bbox 217 2654 328 2733; x_wconf 78' lang='lat' dir='ltr'><strong>mater,</strong></span> <span class='ocrx_word' id='word_1_226' title='bbox 352 2649 402 2714; x_wconf 92' lang='lat' dir='ltr'><strong>cui</strong></span> <span class='ocrx_word' id='word_1_227' title='bbox 428 2649 535 2712; x_wconf 91' lang='lat' dir='ltr'><strong>omnia</strong></span> <span class='ocrx_word' id='word_1_228' title='bbox 559 2648 654 2712; x_wconf 90' lang='lat' dir='ltr'><strong>suilla</strong></span> <span class='ocrx_word' id='word_1_229' title='bbox 678 2652 752 2712; x_wconf 88' lang='lat' dir='ltr'><strong>sunt</strong></span> <span class='ocrx_word' id='word_1_230' title='bbox 775 2649 941 2711; x_wconf 85' lang='lat' dir='ltr'><strong>adversa.</strong></span> <span class='ocrx_word' id='word_1_231' title='bbox 980 2647 1136 2712; x_wconf 85' lang='lat' dir='ltr'><strong>Similiter</strong></span> <span class='ocrx_word' id='word_1_232' title='bbox 1154 2649 1314 2714; x_wconf 88' lang='lat' dir='ltr'><strong>Theodori</strong></span> <span class='ocrx_word' id='word_1_233' title='bbox 1335 2649 1422 2713; x_wconf 91' lang='lat' dir='ltr'><strong>illius</strong></span> <span class='ocrx_word' id='word_1_234' title='bbox 1440 2673 1530 2714; x_wconf 91' lang='lat' dir='ltr'><strong>men-</strong></span> 
     </span>
     <span class='ocr_line' id='line_1_25' title="bbox 219 2744 1530 2833; baseline -0.001 -21"><span class='ocrx_word' id='word_1_235' title='bbox 219 2750 341 2812; x_wconf 90' lang='lat' dir='ltr'><strong>tionem</strong></span> <span class='ocrx_word' id='word_1_236' title='bbox 360 2747 464 2810; x_wconf 82' lang='lat' dir='ltr'><strong>facere</strong></span> <span class='ocrx_word' id='word_1_237' title='bbox 487 2766 671 2828; x_wconf 87' lang='lat' dir='ltr'><strong>possumus,</strong></span> <span class='ocrx_word' id='word_1_238' title='bbox 700 2745 756 2829; x_wconf 93' lang='lat' dir='ltr'><strong>qui</strong></span> <span class='ocrx_word' id='word_1_239' title='bbox 788 2744 970 2810; x_wconf 87' lang='lat' dir='ltr'><strong>aludaeo</strong></span> <span class='ocrx_word' id='word_1_240' title='bbox 999 2747 1137 2829; x_wconf 91' lang='lat' dir='ltr'><strong>quodam</strong></span> <span class='ocrx_word' id='word_1_241' title='bbox 1161 2770 1218 2831; x_wconf 87' lang='lat' dir='ltr'><strong>per</strong></span> <span class='ocrx_word' id='word_1_242' title='bbox 1246 2748 1387 2833; x_wconf 86' lang='lat' dir='ltr'><strong>magiam</strong></span> <span class='ocrx_word' id='word_1_243' title='bbox 1415 2748 1530 2812; x_wconf 90' lang='lat' dir='ltr'><strong>immo-</strong></span> 
     </span>
     <span class='ocr_line' id='line_1_26' title="bbox 222 2843 1529 2927; baseline 0.001 -18"><span class='ocrx_word' id='word_1_244' title='bbox 222 2847 296 2910; x_wconf 92' lang='lat' dir='ltr'><strong>bilis</strong></span> <span class='ocrx_word' id='word_1_245' title='bbox 326 2845 469 2908; x_wconf 89' lang='lat' dir='ltr'><strong>redditus</strong></span> <span class='ocrx_word' id='word_1_246' title='bbox 500 2845 588 2927; x_wconf 86' lang='lat' dir='ltr'><strong>porci</strong></span> <span class='ocrx_word' id='word_1_247' title='bbox 619 2844 805 2927; x_wconf 89' lang='lat' dir='ltr'><strong>pulmonem</strong></span> <span class='ocrx_word' id='word_1_248' title='bbox 835 2843 982 2908; x_wconf 90' lang='lat' dir='ltr'><strong>medendi</strong></span> <span class='ocrx_word' id='word_1_249' title='bbox 1013 2866 1108 2908; x_wconf 87' lang='lat' dir='ltr'><strong>causa</strong></span> <span class='ocrx_word' id='word_1_250' title='bbox 1135 2845 1285 2909; x_wconf 91' lang='lat' dir='ltr'><strong>adhibere</strong></span> <span class='ocrx_word' id='word_1_251' title='bbox 1313 2845 1453 2909; x_wconf 89' lang='lat' dir='ltr'><strong>iubetur:</strong></span> <span class='ocrx_word' id='word_1_252' title='bbox 1485 2845 1529 2910; x_wconf 92' lang='lat' dir='ltr'><strong>ib.</strong></span> 
     </span>
     <span class='ocr_line' id='line_1_27' title="bbox 219 2941 1529 3026; baseline -0.001 -19"><span class='ocrx_word' id='word_1_253' title='bbox 219 2943 271 3025; x_wconf 83' lang='lat'><strong>55,</strong></span> <span class='ocrx_word' id='word_1_254' title='bbox 287 2941 416 3006; x_wconf 84' lang='grc'>36256.</span> <span class='ocrx_word' id='word_1_255' title='bbox 441 2980 482 2987; x_wconf 96' lang='grc'>-</span> <span class='ocrx_word' id='word_1_256' title='bbox 506 2941 740 3006; x_wconf 87' lang='lat' dir='ltr'><strong>Delectamenti</strong></span> <span class='ocrx_word' id='word_1_257' title='bbox 764 2941 868 3026; x_wconf 86' lang='lat' dir='ltr'><strong>gratia</strong></span> <span class='ocrx_word' id='word_1_258' title='bbox 891 2942 988 3006; x_wconf 89' lang='lat' dir='ltr'><strong>affero</strong></span> <span class='ocrx_word' id='word_1_259' title='bbox 1012 2943 1082 3006; x_wconf 85' lang='lat' dir='ltr'><strong>mir.</strong></span> <span class='ocrx_word' id='word_1_260' title='bbox 1101 2943 1153 3023; x_wconf 94' lang='grc'><strong>24,</strong></span> <span class='ocrx_word' id='word_1_261' title='bbox 1167 2943 1234 3006; x_wconf 87' lang='grc'><strong>480</strong></span> <span class='ocrx_word' id='word_1_262' title='bbox 1244 2965 1321 3026; x_wconf 86' lang='lat' dir='ltr'><strong>sqq.,</strong></span> <span class='ocrx_word' id='word_1_263' title='bbox 1340 2942 1396 3005; x_wconf 93' lang='lat' dir='ltr'><strong>ubi</strong></span> <span class='ocrx_word' id='word_1_264' title='bbox 1415 2943 1529 3007; x_wconf 91' lang='lat' dir='ltr'><strong>eodem</strong></span> 
     </span>
     <span class='ocr_line' id='line_1_28' title="bbox 219 3039 1529 3124; baseline -0.002 -19"><span class='ocrx_word' id='word_1_265' title='bbox 219 3047 364 3123; x_wconf 88' lang='lat' dir='ltr'><strong>tempore</strong></span> <span class='ocrx_word' id='word_1_266' title='bbox 388 3044 540 3104; x_wconf 89' lang='lat' dir='ltr'><strong>sanantur</strong></span> <span class='ocrx_word' id='word_1_267' title='bbox 563 3040 612 3104; x_wconf 82' lang='lat' dir='ltr'><strong>vir</strong></span> <span class='ocrx_word' id='word_1_268' title='bbox 635 3039 830 3123; x_wconf 85' lang='lat' dir='ltr'><strong>paralyticus</strong></span> <span class='ocrx_word' id='word_1_269' title='bbox 854 3061 890 3104; x_wconf 90' lang='lat' dir='ltr'><strong>ac</strong></span> <span class='ocrx_word' id='word_1_270' title='bbox 913 3039 1028 3103; x_wconf 89' lang='lat' dir='ltr'><strong>mulier</strong></span> <span class='ocrx_word' id='word_1_271' title='bbox 1051 3044 1148 3103; x_wconf 87' lang='lat' dir='ltr'><strong>muta.</strong></span> <span class='ocrx_word' id='word_1_272' title='bbox 1195 3040 1401 3124; x_wconf 89' lang='lat' dir='ltr'><strong>Praecipiunt</strong></span> <span class='ocrx_word' id='word_1_273' title='bbox 1424 3041 1529 3104; x_wconf 89' lang='lat' dir='ltr'><strong>sancti</strong></span> 
     </span>
     <span class='ocr_line' id='line_1_29' title="bbox 219 3136 1531 3222; baseline -0.001 -19"><span class='ocrx_word' id='word_1_274' title='bbox 219 3163 275 3222; x_wconf 91' lang='lat' dir='ltr'><strong>per</strong></span> <span class='ocrx_word' id='word_1_275' title='bbox 299 3162 446 3203; x_wconf 90' lang='lat' dir='ltr'><strong>somnum</strong></span> <span class='ocrx_word' id='word_1_276' title='bbox 470 3137 660 3221; x_wconf 88' lang='lat' dir='ltr'><strong>paralytico:</strong></span> <span class='ocrx_word' id='word_1_277' title='bbox 685 3139 713 3202; x_wconf 82' lang='grc' dir='ltr'><strong>εί</strong></span> <span class='ocrx_word' id='word_1_278' title='bbox 737 3136 847 3213; x_wconf 82' lang='grc' dir='ltr'><strong><em>θέλεις</em></strong></span> <span class='ocrx_word' id='word_1_279' title='bbox 870 3138 966 3220; x_wconf 77' lang='grc' dir='ltr'><strong><em>ὑγιὴς</em></strong></span> <span class='ocrx_word' id='word_1_280' title='bbox 984 3136 1151 3220; x_wconf 81' lang='grc' dir='ltr'><strong><em>γενέσθαι,</em></strong></span> <span class='ocrx_word' id='word_1_281' title='bbox 1174 3140 1352 3221; x_wconf 80' lang='grc' dir='ltr'><strong><em>κοιμηθητι</em></strong></span> <span class='ocrx_word' id='word_1_282' title='bbox 1371 3139 1451 3221; x_wconf 81' lang='grc' dir='ltr'><strong><em>μετὰ</em></strong></span> <span class='ocrx_word' id='word_1_283' title='bbox 1471 3147 1531 3221; x_wconf 79' lang='grc' dir='ltr'><strong><em>τῆς</em></strong></span> 
     </span>
     <span class='ocr_line' id='line_1_30' title="bbox 220 3235 1530 3321; baseline -0.001 -20"><span class='ocrx_word' id='word_1_284' title='bbox 220 3238 378 3320; x_wconf 76' lang='grc' dir='ltr'><strong><em>γυναικὸς</em></strong></span> <span class='ocrx_word' id='word_1_285' title='bbox 405 3235 539 3301; x_wconf 90' lang='grc' dir='ltr'><strong><em>ἀλάλου.</em></strong></span> <span class='ocrx_word' id='word_1_286' title='bbox 585 3235 647 3298; x_wconf 81' lang='lat' dir='ltr'><strong>Ter</strong></span> <span class='ocrx_word' id='word_1_287' title='bbox 676 3239 826 3299; x_wconf 90' lang='lat' dir='ltr'><strong>monetur</strong></span> <span class='ocrx_word' id='word_1_288' title='bbox 856 3235 991 3299; x_wconf 90' lang='lat' dir='ltr'><strong>eundem</strong></span> <span class='ocrx_word' id='word_1_289' title='bbox 1022 3236 1056 3299; x_wconf 94' lang='lat' dir='ltr'><strong>in</strong></span> <span class='ocrx_word' id='word_1_290' title='bbox 1082 3236 1227 3321; x_wconf 81' lang='lat' dir='ltr'><strong>modum3</strong></span> <span class='ocrx_word' id='word_1_291' title='bbox 1260 3235 1396 3319; x_wconf 90' lang='lat' dir='ltr'><strong>denique</strong></span> <span class='ocrx_word' id='word_1_292' title='bbox 1428 3239 1530 3300; x_wconf 89' lang='lat' dir='ltr'><strong>noctu</strong></span> 
     </span>
     <span class='ocr_line' id='line_1_31' title="bbox 220 3332 1531 3415; baseline 0 -18"><span class='ocrx_word' id='word_1_293' title='bbox 220 3335 260 3397; x_wconf 95' lang='lat' dir='ltr'><strong>ad</strong></span> <span class='ocrx_word' id='word_1_294' title='bbox 290 3333 433 3397; x_wconf 91' lang='lat' dir='ltr'><strong>mulieris</strong></span> <span class='ocrx_word' id='word_1_295' title='bbox 461 3337 569 3397; x_wconf 89' lang='lat' dir='ltr'><strong>mutae</strong></span> <span class='ocrx_word' id='word_1_296' title='bbox 601 3333 721 3397; x_wconf 88' lang='lat' dir='ltr'><strong>lectum</strong></span> <span class='ocrx_word' id='word_1_297' title='bbox 754 3355 787 3396; x_wconf 89' lang='lat' dir='ltr'><strong>se</strong></span> <span class='ocrx_word' id='word_1_298' title='bbox 820 3332 956 3397; x_wconf 85' lang='lat' dir='ltr'><strong>confert:</strong></span> <span class='ocrx_word' id='word_1_299' title='bbox 989 3333 1068 3396; x_wconf 89' lang='lat' dir='ltr'><strong>haec</strong></span> <span class='ocrx_word' id='word_1_300' title='bbox 1099 3333 1154 3395; x_wconf 94' lang='lat' dir='ltr'><strong>ubi</strong></span> <span class='ocrx_word' id='word_1_301' title='bbox 1189 3356 1260 3397; x_wconf 90' lang='lat' dir='ltr'><strong>eum</strong></span> <span class='ocrx_word' id='word_1_302' title='bbox 1293 3333 1531 3415; x_wconf 84' lang='lat' dir='ltr'><strong>animadvertit,</strong></span> 
     </span>
     <span class='ocr_line' id='line_1_32' title="bbox 219 3429 1531 3516; baseline 0.001 -23"><span class='ocrx_word' id='word_1_303' title='bbox 219 3430 498 3494; x_wconf 88' lang='lat' dir='ltr'><strong>vehementissime</strong></span> <span class='ocrx_word' id='word_1_304' title='bbox 522 3429 658 3494; x_wconf 89' lang='lat' dir='ltr'><strong>clamare</strong></span> <span class='ocrx_word' id='word_1_305' title='bbox 687 3430 805 3514; x_wconf 80' lang='lat' dir='ltr'><strong>coepit3</strong></span> <span class='ocrx_word' id='word_1_306' title='bbox 829 3429 883 3492; x_wconf 92' lang='lat' dir='ltr'><strong>ille</strong></span> <span class='ocrx_word' id='word_1_307' title='bbox 908 3452 1004 3512; x_wconf 90' lang='lat' dir='ltr'><strong>quam</strong></span> <span class='ocrx_word' id='word_1_308' title='bbox 1028 3430 1191 3494; x_wconf 86' lang='lat' dir='ltr'><strong>celerrime</strong></span> <span class='ocrx_word' id='word_1_309' title='bbox 1219 3431 1318 3516; x_wconf 87' lang='lat' dir='ltr'><strong>fugit:</strong></span> <span class='ocrx_word' id='word_1_310' title='bbox 1346 3431 1531 3515; x_wconf 86' lang='grc' dir='ltr'><strong><em>ὁπάρετος</em></strong></span> 
     </span>
     <span class='ocr_line' id='line_1_33' title="bbox 221 3526 1532 3614; baseline 0 -22"><span class='ocrx_word' id='word_1_311' title='bbox 221 3529 282 3611; x_wconf 81' lang='grc' dir='ltr'><strong><em>την</em></strong></span> <span class='ocrx_word' id='word_1_312' title='bbox 306 3530 443 3610; x_wconf 86' lang='grc' dir='ltr'><strong><em>άφωνον</em></strong></span> <span class='ocrx_word' id='word_1_313' title='bbox 466 3526 615 3605; x_wconf 80' lang='grc' dir='ltr'><strong><em>ἐδίδαξεν</em></strong></span> <span class='ocrx_word' id='word_1_314' title='bbox 638 3533 751 3592; x_wconf 82' lang='grc' dir='ltr'><strong><em>λαλεῖν</em></strong></span> <span class='ocrx_word' id='word_1_315' title='bbox 773 3538 911 3612; x_wconf 85' lang='grc' dir='ltr'><strong><em>τρανῶς,</em></strong></span> <span class='ocrx_word' id='word_1_316' title='bbox 935 3526 954 3608; x_wconf 81' lang='grc' dir='ltr'><em>ἡ</em></span> <span class='ocrx_word' id='word_1_317' title='bbox 975 3529 1095 3603; x_wconf 89' lang='grc' dir='ltr'><strong><em>άλαλος</em></strong></span> <span class='ocrx_word' id='word_1_318' title='bbox 1113 3530 1173 3592; x_wconf 89' lang='grc' dir='ltr'><strong><em>τὸν</em></strong></span> <span class='ocrx_word' id='word_1_319' title='bbox 1190 3530 1334 3614; x_wconf 89' lang='grc' dir='ltr'><strong><em>πάρετον</em></strong></span> <span class='ocrx_word' id='word_1_320' title='bbox 1352 3527 1532 3605; x_wconf 90' lang='grc' dir='ltr'><strong><em>ἀκωλύτως</em></strong></span> 
     </span>
     <span class='ocr_line' id='line_1_34' title="bbox 220 3624 552 3711; baseline -0.003 -22"><span class='ocrx_word' id='word_1_321' title='bbox 220 3624 349 3711; x_wconf 80' lang='grc' dir='ltr'><strong><em>τρέχειν</em></strong></span> <span class='ocrx_word' id='word_1_322' title='bbox 373 3624 552 3689; x_wconf 84' lang='grc' dir='ltr'><strong><em>ἐδίδασκεν.</em></strong></span> 
     </span>
    </p>
   </div>
   <div class='ocr_carea' id='block_1_3' title="bbox 222 3824 1533 4779">
    <p class='ocr_par' dir='ltr' id='par_1_4' title="bbox 222 3824 1533 4297">
     <span class='ocr_line' id='line_1_35' title="bbox 224 3824 1530 3898; baseline 0.003 -19"><span class='ocrx_word' id='word_1_323' title='bbox 224 3826 372 3880; x_wconf 86' lang='lat' dir='ltr'><strong>Dedicatio</strong></span> <span class='ocrx_word' id='word_1_324' title='bbox 392 3827 585 3880; x_wconf 85' lang='lat' dir='ltr'><strong>tantummodo</strong></span> <span class='ocrx_word' id='word_1_325' title='bbox 604 3843 654 3895; x_wconf 84' lang='lat' dir='ltr'><strong>pro</strong></span> <span class='ocrx_word' id='word_1_326' title='bbox 675 3825 763 3879; x_wconf 85' lang='lat' dir='ltr'><strong>altero</strong></span> <span class='ocrx_word' id='word_1_327' title='bbox 782 3824 895 3879; x_wconf 89' lang='lat' dir='ltr'><strong>homine</strong></span> <span class='ocrx_word' id='word_1_328' title='bbox 914 3826 1042 3897; x_wconf 87' lang='lat' dir='ltr'><strong>efficitur,</strong></span> <span class='ocrx_word' id='word_1_329' title='bbox 1061 3845 1111 3897; x_wconf 92' lang='lat' dir='ltr'><strong>pro</strong></span> <span class='ocrx_word' id='word_1_330' title='bbox 1130 3828 1227 3882; x_wconf 88' lang='lat' dir='ltr'><strong>liboris</strong></span> <span class='ocrx_word' id='word_1_331' title='bbox 1251 3845 1268 3881; x_wconf 88' lang='lat' dir='ltr'><strong>a</strong></span> <span class='ocrx_word' id='word_1_332' title='bbox 1290 3826 1455 3898; x_wconf 84' lang='lat' dir='ltr'><strong>parentibus</strong></span> <span class='ocrx_word' id='word_1_333' title='bbox 1475 3831 1530 3884; x_wconf 84' lang='lat' dir='ltr'><strong>etc.</strong></span> 
     </span>
     <span class='ocr_line' id='line_1_36' title="bbox 224 3903 1533 3977; baseline 0.002 -18"><span class='ocrx_word' id='word_1_334' title='bbox 224 3905 302 3975; x_wconf 75' lang='grc' dir='ltr'><strong><em>(ὑπὲρ</em></strong></span> <span class='ocrx_word' id='word_1_335' title='bbox 322 3907 381 3973; x_wconf 80' lang='grc' dir='ltr'><strong>ὑοῦ,</strong></span> <span class='ocrx_word' id='word_1_336' title='bbox 401 3903 533 3973; x_wconf 83' lang='grc' dir='ltr'><strong><em>παιδίων,</em></strong></span> <span class='ocrx_word' id='word_1_337' title='bbox 551 3903 701 3975; x_wconf 79' lang='grc' dir='ltr'><strong><em>θυγατρός,</em></strong></span> <span class='ocrx_word' id='word_1_338' title='bbox 721 3903 861 3975; x_wconf 80' lang='grc' dir='ltr'><strong><em>γυναικός,</em></strong></span> <span class='ocrx_word' id='word_1_339' title='bbox 881 3906 967 3960; x_wconf 88' lang='lat' dir='ltr'><strong>semel</strong></span> <span class='ocrx_word' id='word_1_340' title='bbox 986 3907 1054 3975; x_wconf 78' lang='grc' dir='ltr'><strong><em>ὑπὲρ</em></strong></span> <span class='ocrx_word' id='word_1_341' title='bbox 1075 3908 1268 3977; x_wconf 79' lang='grc' dir='ltr'><strong><em>Πολυεύκτου).</em></strong></span> <span class='ocrx_word' id='word_1_342' title='bbox 1289 3907 1428 3961; x_wconf 87' lang='lat' dir='ltr'><strong>Nimirum</strong></span> <span class='ocrx_word' id='word_1_343' title='bbox 1446 3911 1533 3977; x_wconf 87' lang='lat' dir='ltr'><strong>pater</strong></span> 
     </span>
     <span class='ocr_line' id='line_1_37' title="bbox 225 3985 1533 4055; baseline 0.003 -17"><span class='ocrx_word' id='word_1_344' title='bbox 225 3986 347 4040; x_wconf 83' lang='lat' dir='ltr'><strong>familias</strong></span> <span class='ocrx_word' id='word_1_345' title='bbox 367 3987 424 4040; x_wconf 82' lang='lat' dir='ltr'><strong>fere</strong></span> <span class='ocrx_word' id='word_1_346' title='bbox 442 3986 467 4038; x_wconf 89' lang='lat' dir='ltr'><strong>is</strong></span> <span class='ocrx_word' id='word_1_347' title='bbox 487 3989 555 4050; x_wconf 77' lang='lat' dir='ltr'><strong>erat,</strong></span> <span class='ocrx_word' id='word_1_348' title='bbox 574 3985 623 4052; x_wconf 89' lang='lat' dir='ltr'><strong>qui</strong></span> <span class='ocrx_word' id='word_1_349' title='bbox 642 3987 736 4039; x_wconf 87' lang='lat' dir='ltr'><strong>votum</strong></span> <span class='ocrx_word' id='word_1_350' title='bbox 756 3986 860 4040; x_wconf 90' lang='lat' dir='ltr'><strong>solvere</strong></span> <span class='ocrx_word' id='word_1_351' title='bbox 879 3990 981 4055; x_wconf 85' lang='lat' dir='ltr'><strong>posset.</strong></span> <span class='ocrx_word' id='word_1_352' title='bbox 1020 3988 1163 4052; x_wconf 77' lang='lat' dir='ltr'><strong>Quomodo</strong></span> <span class='ocrx_word' id='word_1_353' title='bbox 1188 3988 1239 4041; x_wconf 89' lang='lat' dir='ltr'><strong>illa</strong></span> <span class='ocrx_word' id='word_1_354' title='bbox 1264 3985 1343 4055; x_wconf 69' lang='lat' dir='ltr'><strong>‘balo</strong></span> <span class='ocrx_word' id='word_1_355' title='bbox 1361 3988 1448 4049; x_wconf 85' lang='grc' dir='ltr'><strong><em>τινος’</em></strong></span> <span class='ocrx_word' id='word_1_356' title='bbox 1471 3988 1533 4042; x_wconf 89' lang='lat' dir='ltr'><strong>sint</strong></span> 
     </span>
     <span class='ocr_line' id='line_1_38' title="bbox 222 4064 1531 4136; baseline 0.002 -17"><span class='ocrx_word' id='word_1_357' title='bbox 222 4066 423 4136; x_wconf 86' lang='lat' dir='ltr'><strong>intellegenda,</strong></span> <span class='ocrx_word' id='word_1_358' title='bbox 443 4064 547 4134; x_wconf 89' lang='lat' dir='ltr'><strong>optime</strong></span> <span class='ocrx_word' id='word_1_359' title='bbox 567 4066 798 4120; x_wconf 85' lang='lat' dir='ltr'><strong>demonstratur.</strong></span> <span class='ocrx_word' id='word_1_360' title='bbox 816 4073 848 4121; x_wconf 82' lang='lat'><strong>59</strong></span> <span class='ocrx_word' id='word_1_361' title='bbox 864 4067 934 4120; x_wconf 84' lang='lat' dir='ltr'><strong>VIB</strong></span> <span class='ocrx_word' id='word_1_362' title='bbox 953 4095 986 4113; x_wconf 94' lang='lat'><strong><em>=</em></strong></span> <span class='ocrx_word' id='word_1_363' title='bbox 1009 4073 1032 4133; x_wconf 90' lang='grc'><strong>1,</strong></span> <span class='ocrx_word' id='word_1_364' title='bbox 1047 4073 1081 4121; x_wconf 87' lang='lat'><strong>48</strong></span> <span class='ocrx_word' id='word_1_365' title='bbox 1090 4085 1149 4135; x_wconf 87' lang='lat' dir='ltr'><strong>sqq.</strong></span> <span class='ocrx_word' id='word_1_366' title='bbox 1160 4067 1197 4135; x_wconf 78' lang='grc'><strong>6.,</strong></span> <span class='ocrx_word' id='word_1_367' title='bbox 1217 4068 1267 4121; x_wconf 92' lang='lat' dir='ltr'><strong>ubi</strong></span> <span class='ocrx_word' id='word_1_368' title='bbox 1280 4068 1426 4121; x_wconf 89' lang='lat' dir='ltr'><strong>Pandarus</strong></span> <span class='ocrx_word' id='word_1_369' title='bbox 1440 4067 1531 4121; x_wconf 85' lang='lat' dir='ltr'><strong>Thes-</strong></span> 
     </span>
     <span class='ocr_line' id='line_1_39' title="bbox 222 4144 1530 4216; baseline 0.001 -16"><span class='ocrx_word' id='word_1_370' title='bbox 222 4147 297 4200; x_wconf 87' lang='lat' dir='ltr'><strong>salus</strong></span> <span class='ocrx_word' id='word_1_371' title='bbox 317 4165 334 4200; x_wconf 87' lang='lat' dir='ltr'><strong>a</strong></span> <span class='ocrx_word' id='word_1_372' title='bbox 353 4147 405 4200; x_wconf 90' lang='lat' dir='ltr'><strong>deo</strong></span> <span class='ocrx_word' id='word_1_373' title='bbox 425 4147 540 4198; x_wconf 87' lang='lat' dir='ltr'><strong>sanatus</strong></span> <span class='ocrx_word' id='word_1_374' title='bbox 559 4146 703 4200; x_wconf 84' lang='lat' dir='ltr'><strong>thedoro</strong></span> <span class='ocrx_word' id='word_1_375' title='bbox 722 4147 870 4216; x_wconf 90' lang='lat' dir='ltr'><strong>pecuniam</strong></span> <span class='ocrx_word' id='word_1_376' title='bbox 889 4147 979 4201; x_wconf 86' lang='lat' dir='ltr'><strong>tradit</strong></span> <span class='ocrx_word' id='word_1_377' title='bbox 997 4145 1060 4199; x_wconf 82' lang='grc' dir='ltr'><strong><em>ὥστ’</em></strong></span> <span class='ocrx_word' id='word_1_378' title='bbox 1082 4144 1207 4215; x_wconf 81' lang='grc' dir='ltr'><strong><em>ἀνθίμεν</em></strong></span> <span class='ocrx_word' id='word_1_379' title='bbox 1225 4157 1274 4202; x_wconf 86' lang='grc' dir='ltr'><strong><em>τῶι</em></strong></span> <span class='ocrx_word' id='word_1_380' title='bbox 1292 4151 1363 4201; x_wconf 86' lang='grc' dir='ltr'><strong><em>θεῶι</em></strong></span> <span class='ocrx_word' id='word_1_381' title='bbox 1392 4147 1432 4209; x_wconf 85' lang='grc' dir='ltr'><strong>είς</strong></span> <span class='ocrx_word' id='word_1_382' title='bbox 1446 4145 1530 4201; x_wconf 83' lang='grc' dir='ltr'><strong><em>Ἐπί-</em></strong></span> 
     </span>
     <span class='ocr_line' id='line_1_40' title="bbox 222 4224 656 4297; baseline 0 -18"><span class='ocrx_word' id='word_1_383' title='bbox 222 4229 329 4293; x_wconf 87' lang='grc' dir='ltr'><strong><em>δαυρον</em></strong></span> <span class='ocrx_word' id='word_1_384' title='bbox 348 4224 431 4291; x_wconf 80' lang='grc' dir='ltr'><strong><em>ὑπὲρ</em></strong></span> <span class='ocrx_word' id='word_1_385' title='bbox 451 4226 582 4297; x_wconf 85' lang='grc' dir='ltr'><strong><em>αύ[τοῦ]</em></strong></span> <span class='ocrx_word' id='word_1_386' title='bbox 593 4228 656 4296; x_wconf 85' lang='grc'>(56).</span> 
     </span>
    </p>

    <p class='ocr_par' dir='ltr' id='par_1_5' title="bbox 313 4305 815 4374">
     <span class='ocr_line' id='line_1_41' title="bbox 313 4305 815 4374; baseline 0.006 -16"><span class='ocrx_word' id='word_1_387' title='bbox 313 4308 338 4374; x_wconf 92' lang='grc'><strong>1)</strong></span> <span class='ocrx_word' id='word_1_388' title='bbox 358 4305 405 4359; x_wconf 80' lang='grc' dir='ltr'><strong>καὶ</strong></span> <span class='ocrx_word' id='word_1_389' title='bbox 423 4305 628 4372; x_wconf 82' lang='grc' dir='ltr'><strong><em>θεραπευτικάς</em></strong></span> <span class='ocrx_word' id='word_1_390' title='bbox 647 4306 711 4360; x_wconf 91' lang='lat' dir='ltr'><strong>add.</strong></span> <span class='ocrx_word' id='word_1_391' title='bbox 732 4306 815 4361; x_wconf 90' lang='lat' dir='ltr'><strong>Vind.</strong></span> 
     </span>
    </p>

    <p class='ocr_par' dir='ltr' id='par_1_6' title="bbox 224 4384 1531 4616">
     <span class='ocr_line' id='line_1_42' title="bbox 314 4384 1531 4485; baseline 0.004 -48"><span class='ocrx_word' id='word_1_392' title='bbox 314 4388 341 4454; x_wconf 76' lang='lat'><strong>2)</strong></span> <span class='ocrx_word' id='word_1_393' title='bbox 360 4385 428 4438; x_wconf 82' lang='lat' dir='ltr'><strong>Cera</strong></span> <span class='ocrx_word' id='word_1_394' title='bbox 447 4384 497 4438; x_wconf 89' lang='lat' dir='ltr'><strong>illa</strong></span> <span class='ocrx_word' id='word_1_395' title='bbox 517 4384 561 4439; x_wconf 91' lang='lat' dir='ltr'><strong>die</strong></span> <span class='ocrx_word' id='word_1_396' title='bbox 580 4386 653 4441; x_wconf 85' lang='lat' dir='ltr'><strong>festo</strong></span> <span class='ocrx_word' id='word_1_397' title='bbox 673 4386 896 4441; x_wconf 86' lang='lat' dir='ltr'><strong>distribuebatur</strong></span> <span class='ocrx_word' id='word_1_398' title='bbox 914 4385 1030 4454; x_wconf 89' lang='lat' dir='ltr'><strong>populo:</strong></span> <span class='ocrx_word' id='word_1_399' title='bbox 1050 4386 1202 4458; x_wconf 80' lang='grc' dir='ltr'><strong><em>φθασάσης</em></strong></span> <span class='ocrx_word' id='word_1_400' title='bbox 1228 4397 1277 4485; x_wconf 65' lang='grc' dir='ltr'><strong><em>της</em></strong></span> <span class='ocrx_word' id='word_1_401' title='bbox 1299 4385 1473 4458; x_wconf 80' lang='grc' dir='ltr'><strong><em>παννυχίδος</em></strong></span> <span class='ocrx_word' id='word_1_402' title='bbox 1491 4395 1531 4461; x_wconf 79' lang='grc' dir='ltr'><strong><em>τῷ</em></strong></span> 
     </span>
     <span class='ocr_line' id='line_1_43' title="bbox 224 4464 1529 4541; baseline 0.003 -23"><span class='ocrx_word' id='word_1_403' title='bbox 224 4464 353 4538; x_wconf 82' lang='grc' dir='ltr'><strong><em>σαββάτῳ</em></strong></span> <span class='ocrx_word' id='word_1_404' title='bbox 372 4466 420 4519; x_wconf 76' lang='grc' dir='ltr'><strong>καὶ</strong></span> <span class='ocrx_word' id='word_1_405' title='bbox 438 4474 487 4535; x_wconf 84' lang='grc' dir='ltr'><strong><em>τῆς</em></strong></span> <span class='ocrx_word' id='word_1_406' title='bbox 504 4476 628 4536; x_wconf 84' lang='grc' dir='ltr'><strong><em>κηρωτῆς</em></strong></span> <span class='ocrx_word' id='word_1_407' title='bbox 647 4469 684 4529; x_wconf 85' lang='grc' dir='ltr'><strong>ὡς</strong></span> <span class='ocrx_word' id='word_1_408' title='bbox 702 4468 765 4534; x_wconf 80' lang='grc' dir='ltr'><strong><em>περὶ</em></strong></span> <span class='ocrx_word' id='word_1_409' title='bbox 784 4467 860 4534; x_wconf 78' lang='grc' dir='ltr'><strong><em>ὥραν</em></strong></span> <span class='ocrx_word' id='word_1_410' title='bbox 879 4464 961 4534; x_wconf 73' lang='grc' dir='ltr'><strong><em>ἕκτην</em></strong></span> <span class='ocrx_word' id='word_1_411' title='bbox 976 4473 1025 4535; x_wconf 86' lang='grc' dir='ltr'><strong><em>τῆς</em></strong></span> <span class='ocrx_word' id='word_1_412' title='bbox 1038 4469 1138 4530; x_wconf 84' lang='grc' dir='ltr'><strong><em>νυκτὸς</em></strong></span> <span class='ocrx_word' id='word_1_413' title='bbox 1150 4473 1188 4541; x_wconf 81' lang='grc' dir='ltr'><strong><em>τῷ</em></strong></span> <span class='ocrx_word' id='word_1_414' title='bbox 1203 4471 1259 4540; x_wconf 84' lang='grc' dir='ltr'><strong>λαῳ</strong></span> <span class='ocrx_word' id='word_1_415' title='bbox 1274 4466 1457 4537; x_wconf 77' lang='grc' dir='ltr'><strong><em>διαδοθείσης</em></strong></span> <span class='ocrx_word' id='word_1_416' title='bbox 1472 4473 1529 4524; x_wconf 87' lang='grc' dir='ltr'><strong><em>κτλ.</em></strong></span> 
     </span>
     <span class='ocr_line' id='line_1_44' title="bbox 227 4545 1204 4616; baseline 0.004 -18"><span class='ocrx_word' id='word_1_417' title='bbox 227 4561 242 4598; x_wconf 88' lang='lat' dir='ltr'><strong>c</strong></span> <span class='ocrx_word' id='word_1_418' title='bbox 262 4546 321 4598; x_wconf 83' lang='lat' dir='ltr'><strong>cod.</strong></span> <span class='ocrx_word' id='word_1_419' title='bbox 342 4545 462 4600; x_wconf 90' lang='lat' dir='ltr'><strong>Vindob.</strong></span> <span class='ocrx_word' id='word_1_420' title='bbox 482 4546 632 4616; x_wconf 87' lang='grc' dir='ltr'><strong><em>φάρμακον</em></strong></span> <span class='ocrx_word' id='word_1_421' title='bbox 651 4545 744 4600; x_wconf 86' lang='grc' dir='ltr'><strong><em>πάντα</em></strong></span> <span class='ocrx_word' id='word_1_422' title='bbox 762 4545 844 4614; x_wconf 86' lang='grc' dir='ltr'><strong><em>πάθη</em></strong></span> <span class='ocrx_word' id='word_1_423' title='bbox 863 4554 949 4599; x_wconf 88' lang='grc' dir='ltr'><strong><em>νικῶν</em></strong></span> <span class='ocrx_word' id='word_1_424' title='bbox 969 4550 1084 4600; x_wconf 88' lang='lat' dir='ltr'><strong>vocatur</strong></span> <span class='ocrx_word' id='word_1_425' title='bbox 1105 4555 1128 4616; x_wconf 87' lang='lat'><strong>1,</strong></span> <span class='ocrx_word' id='word_1_426' title='bbox 1145 4554 1204 4602; x_wconf 88' lang='grc'><strong>314.</strong></span> 
     </span>
    </p>

    <p class='ocr_par' dir='ltr' id='par_1_7' title="bbox 313 4621 1159 4695">
     <span class='ocr_line' id='line_1_45' title="bbox 313 4621 1159 4695; baseline 0.004 -17"><span class='ocrx_word' id='word_1_427' title='bbox 313 4627 339 4695; x_wconf 89' lang='grc'><strong>3)</strong></span> <span class='ocrx_word' id='word_1_428' title='bbox 358 4625 375 4695; x_wconf 82' lang='grc' dir='ltr'>ἡ</span> <span class='ocrx_word' id='word_1_429' title='bbox 395 4625 427 4679; x_wconf 81' lang='grc' dir='ltr'><strong>δὲ</strong></span> <span class='ocrx_word' id='word_1_430' title='bbox 446 4625 519 4690; x_wconf 81' lang='grc' dir='ltr'><strong><em>ίασις</em></strong></span> <span class='ocrx_word' id='word_1_431' title='bbox 536 4622 573 4695; x_wconf 77' lang='grc' dir='ltr'><strong>ἦν</strong></span> <span class='ocrx_word' id='word_1_432' title='bbox 592 4623 802 4695; x_wconf 74' lang='grc' dir='ltr'><strong><em>ἐμπίμπλασθαι</em></strong></span> <span class='ocrx_word' id='word_1_433' title='bbox 821 4621 980 4695; x_wconf 85' lang='grc' dir='ltr'><strong><em>χοιρείων</em></strong></span> <span class='ocrx_word' id='word_1_434' title='bbox 998 4637 1086 4693; x_wconf 85' lang='grc' dir='ltr'><strong><em>κρεῶν</em></strong></span> <span class='ocrx_word' id='word_1_435' title='bbox 1105 4627 1122 4680; x_wconf 94' lang='lat' dir='ltr'><strong>l.</strong></span> <span class='ocrx_word' id='word_1_436' title='bbox 1139 4645 1159 4682; x_wconf 81' lang='lat' dir='ltr'><strong>s,</strong></span> 
     </span>
    </p>

    <p class='ocr_par' dir='ltr' id='par_1_8' title="bbox 313 4702 1013 4779">
     <span class='ocr_line' id='line_1_46' title="bbox 313 4702 1013 4779; baseline 0.004 -21"><span class='ocrx_word' id='word_1_437' title='bbox 313 4709 341 4776; x_wconf 86' lang='grc'><strong>4)</strong></span> <span class='ocrx_word' id='word_1_438' title='bbox 359 4704 448 4776; x_wconf 88' lang='grc' dir='ltr'><strong><em>χρίειν</em></strong></span> <span class='ocrx_word' id='word_1_439' title='bbox 469 4753 473 4762; x_wconf 97' lang='grc'><strong><em>.</em></strong></span> <span class='ocrx_word' id='word_1_440' title='bbox 495 4750 500 4762; x_wconf 93' lang='grc'><strong><em>.</em></strong></span> <span class='ocrx_word' id='word_1_441' title='bbox 522 4750 527 4761; x_wconf 92' lang='grc'><strong><em>.</em></strong></span> <span class='ocrx_word' id='word_1_442' title='bbox 547 4704 625 4779; x_wconf 81' lang='grc' dir='ltr'><strong><em>ὑείῳ</em></strong></span> <span class='ocrx_word' id='word_1_443' title='bbox 644 4703 829 4774; x_wconf 78' lang='grc' dir='ltr'><strong><em>προσέταττον</em></strong></span> <span class='ocrx_word' id='word_1_444' title='bbox 849 4702 939 4760; x_wconf 80' lang='grc' dir='ltr'><strong><em>στέατι</em></strong></span> <span class='ocrx_word' id='word_1_445' title='bbox 958 4705 975 4760; x_wconf 91' lang='lat' dir='ltr'><strong>l.</strong></span> <span class='ocrx_word' id='word_1_446' title='bbox 993 4725 1013 4761; x_wconf 90' lang='lat' dir='ltr'><strong>s.</strong></span> 
     </span>
    </p>
   </div>
   <div class='ocr_carea' id='block_1_4' title="bbox 0 0 1660 5190">
    <p class='ocr_par' dir='ltr' id='par_1_9' title="bbox 0 0 1660 5190">
     <span class='ocr_line' id='line_1_47' title="bbox 0 0 1660 5190; baseline 0 0"><span class='ocrx_word' id='word_1_447' title='bbox 0 0 1660 5190; x_wconf 95' lang='lat' dir='ltr'><strong> </strong></span> 
     </span>
    </p>
   </div>
  </div>
 </body>
</html>
