3294 5190
734 1283 858 1368 Caput
885 1282 909 1348 I.

644 1445 690 1511 De
713 1444 848 1511 somniis
872 1443 1003 1511 divinis.

257 1586 421 1663 Quantum
445 1609 518 1651 cum
541 1587 627 1671 apud
650 1587 730 1652 alios
753 1587 892 1671 populos
911 1587 1062 1671 antiquos
1085 1590 1156 1651 tum
1179 1587 1265 1671 apud
1283 1585 1422 1652 Graecos
1445 1590 1477 1650 et

166 1685 331 1771 Romanos
356 1685 481 1749 somnia
504 1685 674 1771 valuerint,
697 1686 743 1749 ita
766 1686 859 1749 utin
884 1685 1085 1770 gravissimis
1109 1707 1237 1770 quoque
1260 1685 1307 1749 rei
1329 1684 1478 1769 publicae

167 1783 308 1870 negotiis
331 1783 444 1848 habita
468 1784 511 1848 sit
535 1806 646 1848 eorum
670 1785 767 1869 ratio,
796 1784 875 1847 satis
900 1787 1027 1848 constat
1050 1805 1210 1867 superque
1233 1805 1336 1868 neque
1360 1783 1394 1846 in
1417 1782 1478 1845 hac

167 1903 201 1945 re
231 1881 403 1945 tritissima
438 1881 538 1946 ullam
573 1881 721 1947 voculam
753 1902 864 1945 sumus
900 1880 1049 1946 addituri.
1102 1881 1151 1945 De
1188 1881 1322 1946 somniis
1350 1880 1478 1964 divinis,

166 1979 197 2043 h.
218 2001 243 2043 e.
267 1979 384 2063 quibus
409 1980 458 2045 vis
486 1980 571 2043 inest
598 1980 701 2044 futuri
729 1979 980 2064 praesentiendi,
1008 2002 1183 2064 eorumque
1211 1979 1332 2063 indole,
1361 1978 1400 2042 de
1427 1978 1477 2041 dis

167 2076 218 2142 vel
242 2077 451 2142 daemonibus
476 2078 632 2142 divinitus
655 2077 773 2162 missis,
796 2077 853 2161 qni
876 2077 910 2140 in
929 2077 1088 2141 eiusmodi
1111 2077 1246 2142 somniis
1269 2076 1478 2161 apparebant,

167 2196 341 2259 eorumque
364 2175 479 2239 habitu
502 2175 658 2239 nonnulla
686 2176 720 2239 in
747 2176 809 2239 hoc
837 2175 942 2260 capite
974 2175 1079 2259 primo
1112 2174 1347 2238 adnotabimus.
1390 2173 1477 2250 Quae

166 2275 274 2335 tamen
289 2277 462 2357 antequam
476 2273 630 2358 ineamus,
644 2275 749 2339 varias
765 2274 972 2357 praemittere
985 2272 1081 2336 liceat
1096 2272 1337 2337 observationes
1357 2271 1475 2354 quibus

167 2371 328 2454 quomodo
352 2371 478 2455 antiqui
496 2361 627 2435 ‘somnia
651 2371 895 2455 dispertiverint
917 2392 1062 2455 quaeque
1085 2392 1197 2434 eorum
1216 2391 1333 2455 genera
1357 2369 1473 2432 discre-

166 2468 272 2533 verint
294 2469 447 2533 brevibus
471 2469 661 2554 attingatur.

256 2565 326 2642 Qua
349 2566 383 2631 in
407 2589 441 2630 re
465 2567 631 2631 concinere
655 2590 736 2652 quac
762 2568 848 2652 apud
870 2565 1113 2632 Artemidorum
1137 2563 1475 2653 (Oneirocr.12p.5

166 2662 298 2750 Herch.)
327 2668 359 2727 et
385 2663 588 2728 Macrobium
616 2663 738 2751 (Somn.
770 2663 854 2749 Scip.
876 2663 892 2728 I
912 2665 942 2750 3,
957 2664 992 2752 2)
1020 2665 1173 2750 leguntur
1200 2664 1265 2730 iam
1292 2662 1473 2728 Buechsen-

167 2760 349 2825 schuetzius
382 2761 549 2849 monuit1).
596 2762 835 2827 Enumerantur
868 2764 953 2827 enim
990 2763 1030 2827 ab
1063 2760 1270 2827 Artemidoro
1303 2761 1476 2845 ἐνύπνιον,

166 2859 353 2945 φάντασμα,
373 2861 513 2946 ὄνειρος,
532 2861 650 2947 ὅραμα,
672 2859 940 2948 χρηματισμός),
959 2883 978 2924 a
995 2860 1161 2925 Macrobio
1181 2863 1372 2946 ὄνειρος-
1392 2881 1475 2924 som-

166 2956 270 3041 nium,
299 2957 405 3040 ὅροιμοι
421 2995 462 3002 -
477 2956 577 3040 visio,
605 2962 828 3043 χρηματισμός
843 2997 884 3005 -
905 2958 1084 3042 oraculum,
1114 2956 1276 3023 ἐνύπνιον
1295 2996 1337 3005 -
1357 2958 1476 3022 insom-

166 3053 267 3137 nium,
285 3053 462 3137 φάντασμα
478 3092 519 3100 -
534 3055 650 3119 visum.
688 3053 791 3130 Quam
807 3057 1006 3120 somniorum
1021 3055 1281 3139 dispertitionem
1296 3056 1477 3138 antiquitus

166 3149 321 3213 usitatam
344 3149 446 3213 fuisse
469 3172 527 3214 suo
552 3151 621 3214 inre
640 3152 777 3215 coniecit
801 3152 885 3217 idem
904 3152 1264 3238 Buechsenschuetzius,
1287 3153 1478 3237 praesertim

166 3269 239 3312 cum
272 3247 498 3312 Artemidorus
533 3246 570 3311 de
604 3248 859 3332 ‘phantasmate’
892 3250 976 3314 inter
1006 3250 1125 3314 multos
1156 3249 1237 3314 alios
1268 3249 1477 3314 Artemonem

166 3345 326 3430 quendam
340 3345 505 3409 Milesium
525 3350 622 3431 atque
636 3347 804 3411 Phoebum
823 3348 983 3432 quendam
1001 3348 1254 3412 Antiochensem
1274 3349 1477 3433 explanatius

166 3444 271 3528 egisse
294 3443 564 3532 commemoret3).
610 3444 680 3511 Nec
708 3445 883 3530 discordat,
907 3446 994 3530 quod
1016 3446 1202 3511 Macrobius
1226 3447 1295 3530 ipse
1324 3445 1369 3533 (3,
1386 3446 1419 3534 1)
1444 3448 1478 3510 in

167 3542 367 3606 somniorum
397 3543 569 3627 generibus
600 3543 775 3608 tractandis
811 3543 873 3608 hoc
907 3545 1003 3609 modo
1034 3544 1161 3629 incipit:
1194 3549 1380 3630 „numqaum
1406 3546 1478 3627 ipsa

166 3642 281 3704 somnii
303 3641 396 3706 verbo
414 3646 587 3720 ννοοιονινο,
604 3642 699 3724 prius
717 3648 790 3723 quot
806 3644 988 3708 somniandi
1005 3644 1110 3708 modos
1128 3643 1297 3708 obseruatio
1315 3644 1478 3726 deprehen-

167 3737 258 3814 derit,
291 3759 360 3802 οιινι
388 3737 545 3803 licentium
567 3741 755 3822 fiyaroram,
782 3761 861 3822 quoe
882 3742 1006 3823 possim
1037 3741 1259 3823 quiescentibus
1285 3743 1479 3826 inperciatur,

166 3832 222 3895 sab
255 3835 465 3918 definitionem
497 3857 534 3900 oe
565 3837 705 3920 requiam
734 3843 900 3903 vetustos
933 3839 1076 3917 mitteret,
1109 3839 1332 3903 edisserumas“
1359 3860 1384 3903 e.
1403 3861 1433 3922 q.
1453 3859 1477 3902 s.

167 3925 311 4013 Accedit,
334 3931 421 4015 quod
444 3933 554 3997 eadem
583 3933 766 4018 dispertitio
790 3936 876 4019 apud
899 3936 1090 4020 scriptorem
1112 3935 1329 4020 Byzantinum
1359 3937 1478 4001 saeculi

168 4026 283 4090 decimi
312 4030 419 4111 quarti
448 4031 602 4116 occurrit,
630 4032 851 4117 Nicephorum
880 4034 951 4098 dico
980 4033 1156 4118 Gregoram
1185 4034 1219 4097 in
1247 4036 1477 4100 commentario

169 4126 237 4190 eius
262 4124 303 4188 ad
326 4123 454 4208 Synesii
478 4128 516 4192 de
539 4129 709 4193 insomniis
732 4129 853 4194 librum
878 4131 1013 4216 scripto,
1040 4131 1097 4195 ubi
1126 4131 1264 4195 similem
1289 4132 1323 4195 in
1345 4132 1478 4196 modum

257 4357 282 4423 1)
302 4352 407 4408 Traum
424 4355 484 4409 und
502 4356 736 4428 Traumdeutung
753 4377 780 4428 p.
796 4364 877 4428 59sq.

256 4440 283 4502 2)
302 4433 320 4489 l.
337 4452 373 4490 c:
393 4433 488 4490 ἕπεται
507 4435 538 4490 δὲ
556 4438 673 4507 τούτοις,
692 4443 730 4510 τῷ
748 4437 799 4508 μὲν
818 4436 940 4512 ἐνυπνίῳ
958 4445 996 4513 τῷ
1016 4441 1165 4515 ἀσημάντῳ
1183 4442 1215 4497 τὸ
1235 4442 1395 4511 φάντασμα,
1416 4486 1421 4496 .
1443 4485 1449 4497 .
1470 4485 1476 4497 .

166 4519 204 4588 τῷ
224 4513 256 4569 di
276 4512 374 4588 ὀνείρῳ
394 4514 486 4586 daupei
504 4536 533 4572 τε
552 4518 600 4571 καὶ
618 4517 812 4588 χρηματισμός.

259 4597 286 4665 3)
305 4595 323 4650 l.
338 4613 374 4651 c.:
394 4596 553 4667 φάντασμα,
571 4600 635 4666 περὶ
654 4594 688 4651 οὗ
706 4598 784 4652 ἄλλοι
802 4619 831 4653 τε
849 4601 948 4654 πολλοὶ
966 4602 1014 4655 καὶ
1033 4601 1068 4671 δὴ
1087 4604 1136 4656 καὶ
1152 4599 1285 4670 Ἀρτέμιον
1304 4601 1319 4656 ὁ
1339 4602 1477 4670 Μιλήσιος

166 4676 215 4731 καὶ
236 4676 339 4746 Φοῖβος
357 4675 372 4729 ὁ
388 4673 541 4748 Ἀντιοχεὺς
560 4676 741 4748 διειλεγμένοι
760 4677 820 4735 εἰσί.
840 4680 874 4735 cf.
890 4681 1007 4735 Buechs.
1022 4701 1049 4751 p.
1061 4689 1141 4751 60sq.

219 4775 365 4827 Daubner,
379 4776 407 4816 ds
423 4777 576 4820 incubatione.
1246 4779 1259 4827 1
