3294 5190
218 339 282 402 124
800 345 940 399 Laudatio
1369 352 1393 415 7,
1404 352 1485 415 5-9,
1502 355 1516 402 1

194 525 328 586 ιμενον,
382 502 506 586 ἠπείλει
531 501 568 570 δέ
590 504 645 570 καὶ
668 508 726 583 τὰς
748 509 872 590 νήσους
894 509 991 593 τάχος
1014 507 1211 595 ἐπέρχεσθαι
1267 509 1323 576 καὶ
1346 510 1521 595 ἀφανίζειν

216 602 325 685 ὥσπερ
350 599 573 687 ἐξάλειπτρον·
665 603 755 682 ἔδοξε
777 609 850 671 τότε
873 619 943 683 τοῖς
965 617 1026 672 τοῦ
1056 607 1154 690 άγίου
1182 609 1222 672 τὰ
1250 612 1391 687 λείψανα
1417 616 1521 696 θερα-

214 700 376 764 πεύουσιν
426 702 482 764 διδι
504 711 564 767 τοῦ
588 702 685 785 ἁγίου
708 701 880 768 πυθέσθαι
903 706 934 768 εί
955 703 990 769 ἐκ
1013 714 1071 789 τῆς
1092 707 1197 788 νήσου
1221 705 1335 783 αὐτοῖς
1354 705 1520 794 ἐπιτρέπει

214 798 275 879 τήν
299 797 516 883 ἀναχώρησιν.
607 798 662 864 καὶ
685 797 766 866 κατά
789 798 850 886 μέν
877 804 938 886 τήν
964 803 1100 888 πρώτην
1128 803 1230 868 ἐκεῖσε
1257 815 1325 868 τῶν
1353 804 1520 888 Ἑλλήνων

210 893 403 979 Ἀγαρηνών
426 898 576 969 κάθοδον
598 896 710 982 μένειν
733 898 882 964 ἐκέλευεν
972 896 1087 984 [οὐδὲν
1109 899 1379 985 βλαβησομένους
1403 901 1439 967 ἐκ
1463 912 1520 987 τῆς

181 1017 205 1055 ιο
216 991 340 1077 ἐφόδου
364 1006 430 1059 τών
450 993 642 1081 ἀλαστόρων
661 995 715 1062 καὶ
733 1000 922 1081 μιαιφόνων
946 997 1103 1082 ἐχθρῶν],
1128 999 1215 1062 οὕτω
1235 1000 1318 1082 δῆτα
1345 997 1400 1064 καὶ
1424 999 1520 1084 γέγο-

214 1116 283 1174 νεν,
369 1090 424 1157 καὶ
448 1095 620 1177 μείναντες
642 1094 746 1159 αὐτοῦ
771 1093 995 1178 διεσώθησαν·
1095 1097 1139 1173 ώς
1162 1092 1200 1161 δέ
1227 1097 1265 1161 τὸ
1289 1097 1448 1184 δεύτερον
1471 1100 1519 1176 είς

214 1191 275 1272 τὴν
298 1191 439 1275 Κύπρον
463 1190 480 1256 6
503 1202 570 1255 τῶν
593 1190 705 1256 ἀθέων
726 1195 841 1269 στόλος
864 1192 1004 1276 ἀνήγετο
1070 1192 1125 1259 καὶ
1148 1188 1250 1270 αὐθις
1272 1196 1333 1278 τήν
1358 1193 1519 1279 ἐρώτησιν

215 1290 250 1352 οί
276 1286 387 1353 πιστοὶ
415 1291 497 1375 πρὸς
526 1290 584 1354 τὸν
612 1291 709 1372 άγιον
738 1290 945 1374 ἐποιήσαντο,
1045 1293 1108 1356 σὺν
1131 1292 1225 1376 ’τάχει
1251 1295 1324 1357 τότε
1351 1297 1520 1379 μεταίρειν

215 1384 389 1472 ἐπέτρεπεν
471 1388 530 1471 [ὡς
553 1387 631 1471 ὅλης
653 1397 710 1472 τῆς
734 1390 838 1470 νήσου
863 1388 1184 1473 παραδοθησομένης
1207 1401 1276 1466 τοῖς
1298 1392 1520 1474 παλαμναίοις

179 1504 203 1543 15
212 1481 428 1570 Ἀγαρηνοῑς,]
453 1488 626 1571 συναίρειν
648 1509 683 1550 τε
706 1486 811 1550 αὐτοῦ
833 1484 888 1551 καὶ
915 1487 955 1550 τδι
968 1488 1147 1552 πάνσεπτα
1171 1497 1274 1552 ταῦτα
1301 1486 1397 1571 ὀστᾶ,
1427 1489 1473 1564 ὡς
1500 1488 1519 1554 6

209 1580 331 1666 Ἰωσήφ
355 1584 392 1647 τὸ
416 1583 516 1647 πάλαι
539 1585 772 1669 παρεκελεύετο
835 1584 917 1667 πρὸς
940 1587 1068 1649 τελείαν
1091 1596 1157 1649 τῶν
1181 1583 1441 1669 ἀνασωζομένων
1465 1590 1518 1670 βε-

213 1682 363 1763 βαίωσιν.

187 1777 205 1832 8
305 1777 588 1855 συσκευασθέντες
611 1773 674 1844 οὖν
692 1778 812 1844 ἐκεῖνοι
832 1783 1017 1863 σεβασμίως
1035 1791 1138 1846 ταῦτα
1157 1793 1196 1868 τῇ
1216 1781 1354 1868 λάρνακι
1370 1773 1520 1868 συναρά·

214 1899 306 1958 μενοι
388 1880 559 1963 πορθμείῳ
583 1901 649 1942 τινι
673 1880 903 1962 περιτυχόντες
926 1877 1097 1962 ἐπέβησαν.
1180 1878 1235 1945 καὶ
1258 1880 1298 1944 τά
1321 1875 1382 1962 μέν
1405 1891 1520 1965 πρῶτα

214 1974 397 2038 λανθάνειν
426 1976 503 2051 τοὺς
526 1980 765 2061 συμπλωιήρας
789 1974 996 2058 ἐσκέπτοντο,
1086 1978 1123 2041 τὸ
1146 1976 1230 2062 μέγα
1259 1979 1430 2060 κειμήλιον
1458 1987 1519 2043 τοῦ

215 2073 451 2158 ίερομάρτυρος
511 2075 668 2157 κρύπτειν
692 2074 905 2158 πειρώμενοι·
961 2076 1005 2151 ώς
1029 2072 1065 2139 δὲ
1088 2085 1146 2159 τής
1168 2084 1228 2159 γής
1251 2074 1435 2159 ἀποβάντες
1459 2077 1520 2160 τήν

190 2168 265 2234 δέπὶ
291 2172 648 2236 Κωνσταντινούπολιν
672 2173 844 2256 ἔσπευδον,
911 2171 1033 2236 εὐωδία
1057 2196 1107 2248 τις
1130 2172 1166 2238 ἐν
1189 2182 1234 2260 τῷ
1258 2176 1363 2260 πλοίῳ
1387 2185 1519 2257 συχνώς

212 2267 398 2332 ἀνεδίδοτο·
451 2269 492 2333 οὐ
515 2270 578 2353 γάρ
598 2263 640 2351 ἦν
659 2270 804 2333 δυνατὸν
823 2265 902 2334 οὐδὲ
926 2271 1095 2353 φεύγοντα
1133 2271 1265 2335 δίκαιον
1287 2271 1496 2355 κρύπτεσθαι
1599 2326 1602 2331 ,

212 2362 266 2428 καὶ
291 2368 411 2452 φθάνω
434 2365 583 2450 κατέχειν
606 2377 672 2431 τῶν
697 2367 843 2451 ἰαμάτων
867 2367 927 2448 τήν
951 2369 1094 2451 ἐκρυσιν.
1155 2371 1227 2433 τότε
1242 2371 1368 2451 γίνεται
1382 2381 1518 2454 πρᾶγμα

211 2461 413 2545 παράδοξον·
482 2473 539 2547 τῆς
561 2465 624 2548 γδιρ
648 2465 727 2548 νηὸς
750 2464 786 2530 ἐκ
808 2466 960 2551 πρύμνης
985 2464 1207 2550 ἐλαυνομένης
1230 2473 1276 2552 τῷ
1298 2465 1459 2551 πνεύματι

212 2558 267 2624 καὶ
291 2570 346 2644 τής
371 2561 496 2645 ὀθόνης
520 2563 585 2650 ὅλῳ
610 2570 655 2650 τῳ
678 2567 789 2650 κόλπῳ
812 2564 983 2648 χωρούσης
1006 2563 1066 2626 τὸν
1089 2563 1213 2646 ἀνεμον
1295 2556 1352 2648 (ἦν
1375 2558 1412 2627 δὲ
1435 2561 1518 2648 ἀπη-

176 2655 332 2741 1ολιώτης
356 2657 388 2736 ἐξ
413 2659 529 2744 οὐρίας
551 2658 662 2726 πνέων
685 2660 702 2725 6
726 2659 859 2748 ἀνεμος)
919 2667 1041 2745 αίφνης
1064 2659 1164 2744 ἀτμὸς
1187 2658 1324 2743 ἐξεδόθη
1348 2660 1436 2745 παρά
1461 2670 1519 2744 τῆς

211 2758 318 2838 θήκης
336 2766 396 2821 τοῦ
415 2758 592 2842 μάρτυρος,
651 2762 823 2845 κρείττονα
841 2758 861 2842 ή
880 2756 951 2823 κατ’
977 2764 1137 2842 αἴσθησιν
1177 2756 1291 2843 φέρων
1314 2755 1495 2843 ἐνέργειαν,

212 2853 295 2916 ὥστε
319 2863 416 2918 νικᾶν
439 2853 493 2919 καὶ
517 2865 577 2920 τοῦ
600 2855 724 2940 ἀνέμου
747 2859 783 2922 τὸ
807 2857 978 2921 σύντονον.
1051 2849 1134 2938 ήλθε
1165 2855 1228 2938 γάρ
1257 2855 1297 2919 οὐ
1324 2857 1430 2939 μόνον
1463 2853 1519 2920 ἐπὶ

213 2951 252 3015 τὰ
276 2954 387 3034 πρόσω
411 2953 448 3018 τὸ
467 2962 525 3036 τῆς
543 2953 645 3038 ὀσμῆς
664 2955 795 3037 εὐῶδες,
814 2953 897 3019 ἀλλὰ
916 2956 978 3037 γάρ
997 2951 1052 3017 καὶ
1071 2950 1124 3017 ἐπὶ
1144 2954 1183 3017 τά
1201 2951 1326 3034 πλάγια
1344 2963 1517 3037 πανταχοῦ

210 3046 266 3112 καὶ
288 3049 399 3135 κύκλῳ
423 3050 609 3138 διέδραμεν,
709 3052 754 3129 ὡς
780 3050 836 3117 καὶ
866 3054 943 3128 τοὺς
972 3051 1036 3118 ἀπὸ
1066 3054 1211 3135 σημείων
1241 3061 1343 3134 τριῶν
1373 3051 1517 3117 ὄπισθεν

176 3163 201 3203 1⁵
211 3147 265 3213 καὶ
284 3150 366 3214 κατὰ
384 3151 532 3236 πλευράν
550 3147 777 3227 ὑποπλέοντας
863 3150 1092 3234 ἐμπλησθῆναι
1115 3158 1173 3232 τῆς
1196 3147 1337 3225 εὐωδίας
1354 3157 1414 3214 τοῦ
1432 3151 1516 3236 μάρ-

210 3271 318 3332 τυρος.

184 3349 203 3403 9
303 3345 480 3430 ἐκθάμβων
499 3343 536 3411 δὲ
558 3345 746 3431 γενομένων
770 3346 925 3411 ἁπάντων
947 3348 1005 3410 καί
1031 3369 1106 3410 τινα
1129 3344 1346 3429 ἐπιθειασμὸν
1369 3339 1457 3410 εἶναι
1479 3346 1517 3411 τὸ

104 3577 432 3662 πιε-εεέμβαλόμενοι
451 3577 489 3642 ἐν
507 3581 610 3666 πλοίῳ
631 3581 749 3644 ἔπλεον
767 3581 828 3662 τήν
846 3577 898 3643 ἐπὶ
918 3579 1277 3642 Κωνσταντινούπολιν
1295 3576 1385 3642 ὁδόν.
1408 3576 1517 3661 οίομέ-

210 3699 281 3740 νων
308 3672 344 3740 δέ
372 3675 483 3740 αὐτών
512 3678 670 3762 κρύπτειν
699 3678 736 3741 τὸ
765 3687 824 3741 τοῦ
854 3676 951 3758 ἁγίου
981 3674 1036 3740 καὶ
1060 3683 1321 3759 θαυματουργοῦ
1357 3677 1518 3752 λείψανον

210 3772 333 3838 εὐωδία
360 3796 410 3849 τις
436 3771 519 3858 ὑπὲρ
548 3775 768 3861 ἀνθρωπίνην
795 3780 955 3857 αίσθησιν
982 3773 1165 3855 ἀνεδίδοτο,
1189 3772 1307 3856 οὐρίου
1330 3770 1456 3856 ἀνέμου
1479 3772 1518 3837 τὸ

211 3871 337 3955 σκάφος
365 3871 564 3949 ἐλαύνοντος
591 3872 626 3937 ἐκ
649 3872 814 3957 πρύμνης,
843 3865 925 3935 ὥστε
953 3871 1013 3936 ὅλα
1042 3871 1081 3935 τά
1108 3875 1208 3935 πλοῖα
1238 3871 1278 3934 τὰ
1305 3868 1342 3934 ἐκ
1370 3872 1518 3952 πλαγίου

175 3984 201 4022 80
210 3969 314 4034 αὐτοῦ
338 3970 382 4045 ὡς
405 3970 469 4034 ἀπὸ
494 3972 637 4054 σημείων
660 3972 741 4035 ὀντα
763 3963 865 4055 τριῶν
884 3977 941 4051 τῆς
959 3967 1090 4051 ἀφάτου
1110 3966 1236 4050 ἐκείνης
1255 3967 1397 4042 εὐωδίας
1422 3965 1518 4050 ἐπλή-

210 4073 351 4150 σθησαν.
376 4066 393 4132 6
417 4063 479 4132 οὖν
502 4069 651 4153 φρουρὸς
674 4076 733 4132 τοῦ
756 4067 854 4150 ἁγίου
872 4064 926 4131 καὶ
945 4073 1206 4150 θαυματουργοῦ
1226 4063 1385 4142 λειψάνου
1412 4065 1514 4129 εἰσελ-

209 4164 285 4230 θών
308 4164 361 4231 ἐπὶ
384 4167 445 4249 την
466 4168 576 4249 θήκην
598 4164 653 4230 καὶ
676 4173 791 4250 θαῦμα
815 4166 956 4251 φρικτὸν
981 4164 1063 4228 ὀδὼν
1086 4162 1234 4246 ἐβόησεν·
1259 4161 1379 4245 <δίγιος,
1407 4161 1517 4245 δίγιος,

210 4263 324 4346 άγιος’.
347 4259 390 4347 ἦν
412 4264 475 4350 γδιρ
499 4264 535 4328 τὸ
565 4270 661 4329 θεῖον
689 4266 848 4342 λείψανον
874 4261 1125 4346 ὑπερεκβλύσαν
1155 4262 1253 4343 άγιον
1279 4260 1403 4343 μύρον,
1431 4258 1517 4324 ὥστε

302 4535 317 4582 5
336 4537 425 4598 ταχῶς
443 4527 467 4579 Α
484 4530 487 4597 Ι
504 4533 520 4581 6
538 4528 728 4596 θεραπεύουσι
747 4527 771 4580 Α
793 4530 797 4596 Ι
815 4531 846 4578 11
866 4521 1010 4594 μείνοντος
1028 4523 1072 4592 ΑΙ
1090 4529 1123 4577 16
1142 4524 1176 4578 cf.
1198 4524 1295 4578 (frenes¹
1317 4529 1360 4591 50,
1375 4527 1409 4576 25

355 4720 388 4771 28
407 4718 471 4786 post
489 4715 520 4771 τὸ
538 4731 637 4770 rasura
