3294 5190
205 339 249 404 38
782 338 873 407 Caput
890 338 923 389 ll.

205 505 353 588 quamvis
375 525 618 586 nonnumquam
642 502 783 565 occurrit
805 523 867 563 vox
890 501 1090 575 κατάκλισις,
1112 498 1202 561 nullo
1225 519 1301 560 vero
1322 495 1393 559 loeo
1413 496 1521 580 sigui-

207 602 390 665 fieationem
424 600 514 663 illam
547 600 719 684 exhibet¹).
771 598 876 661 Wess.
909 598 962 662 Gr.
989 596 1050 660 ZP.
1074 597 1126 678 83,
1144 595 1307 678 albosqq.
1339 608 1520 677 postquam

204 698 440 781 praescriptum
468 702 526 780 est,
549 697 627 781 quid
650 697 693 759 sit
716 696 911 779 faciendum,
933 701 970 758 ut
992 695 1112 758 femina
1139 693 1295 777 quaedam
1323 693 1358 754 in
1381 692 1520 756 domum

205 800 296 858 tuam
325 796 448 878 venial,
475 795 635 881 pergitur:
665 792 719 858 ε’κλ
747 797 966 869 κατακλίσεως
998 794 1128 868 τούτοις
1157 801 1277 875 χρῆσαι
1304 801 1374 865 τοῖς
1400 794 1522 872 λόγοις

206 893 403 977 προστιθείς
425 894 476 958 ὄτι
499 894 699 957 κατάκλινον
721 893 783 975 τὴν
806 889 843 972 Δ
868 892 910 973 ἣν
932 888 969 971 Δ
994 889 1052 975 (=
1070 891 1111 971 ἣν
1137 889 1158 970 ἡ
1181 891 1211 952 d.
1235 887 1412 970 ἐγέννησεν
1433 887 1519 973 W),

207 991 262 1056 ἐκλ
286 988 322 1055 δὲ
346 989 547 1074 ἀναιρέσεως
569 990 644 1072 λε’χε
666 989 861 1054 ἀνάσπασον
879 987 982 1069 αὐτῆς
999 989 1037 1052 τὸ
1055 997 1186 1069 κνεῦμα
1201 1039 1207 1049 .
1223 1041 1230 1052 .
1245 1035 1268 1067 .,
1291 984 1344 1049 ἐπὶ
1366 982 1404 1050 di
1427 986 1520 1050 ὀνει-

208 1100 392 1173 ροκομκῶν
411 1140 418 1151 ,
437 1138 445 1152 .
466 1137 488 1170 .,
519 1085 574 1152 ἐκλ
601 1084 638 1152 di
669 1087 898 1168 ὀνειραιτήτου
924 1091 992 1149 κτλ.
1037 1084 1137 1147 Vides
1164 1083 1218 1148 hie
1245 1106 1374 1168 quoque
1401 1106 1518 1147 rocem

207 1187 399 1262 κατάκλισις
421 1207 486 1249 uno
511 1185 622 1249 ordine
650 1183 828 1248 enumerari
852 1204 925 1245 eum
949 1182 1218 1265 ‘dvetpouopxci'‚
1245 1182 1518 1265 ’ὀνειραιιητόνῖ

207 1283 392 1346 Exsiabaul
414 1284 516 1368 igitur
538 1283 665 1346 diversa
688 1282 851 1345 actionum
874 1281 1071 1365 magicarum
1095 1301 1225 1365 genera,
1248 1301 1385 1363 quorum
1413 1302 1518 1344 unum

206 1386 276 1444 erat
297 1380 496 1457 κατάκλισις.
534 1381 562 1444 Ε
585 1380 658 1444 loeo
676 1379 775 1443 allato
795 1377 899 1442 eluoet
911 1380 1104 1442 κατάκλισιν
1118 1378 1276 1462 magicam
1294 1377 1377 1441 nihil
1395 1377 1518 1442 habere

206 1500 279 1541 eum
311 1478 516 1542 incubatione
546 1500 728 1560 commune,
757 1497 834 1560 ergo
866 1498 939 1539 eum
972 1477 1004 1538 in
1034 1475 1106 1539 loeo
1140 1498 1237 1558 supra
1269 1476 1368 1538 eitalo
1401 1476 1517 1539 eodem

206 1575 304 1639 modo
327 1596 401 1638 eum
425 1575 526 1639 isdem
549 1575 696 1638 terminis
720 1573 875 1638 teehniois
898 1574 1126 1658 coniungatur,
1152 1573 1248 1636 nobis
1275 1573 1441 1636 fatendum
1464 1580 1520 1638 est

208 1674 247 1737 de
270 1674 478 1738 incubalinne
501 1673 569 1736 illie
591 1695 718 1756 quoque
741 1671 878 1757 eogitari
900 1692 967 1736 non
985 1693 1088 1754 posse.
1130 1670 1290 1746 Quidnam
1308 1670 1394 1734 valet
1416 1673 1518 1735 κατά-

209 1771 338 1846 κλισιςλ
388 1771 508 1854 Papyri
539 1770 705 1835 Parisiuae
734 1769 825 1833 loeus
853 1770 947 1832 dooet
973 1770 1064 1833 deam
1095 1771 1275 1832 invocatam
1305 1773 1520 1833 κατακλίνειν

206 1869 348 1951 aliquam
371 1869 532 1932 feminam.
579 1867 672 1946 Quod
696 1868 841 1951 sequitur
864 1867 1033 1952 ἀναίρεσις
1055 1866 1205 1931 videlieet
1227 1867 1266 1929 de
1294 1873 1397 1931 morie
1424 1893 1519 1934 usur—

207 1970 317 2049 patur:
335 1966 500 2030 daemonis
513 1965 794 2030 auxilioinimieus
808 1965 1009 2028 interficitur.
1046 1965 1168 2028 Probat
1184 1964 1248 2028 hoe
1266 1966 1394 2049 quidem
1416 1992 1520 2033 κατα-

207 2067 337 2128 κλίνειν
365 2064 428 2127 diei
453 2064 491 2128 de
518 2065 685 2148 daemone,
713 2065 769 2147 qui
792 2064 833 2127 ab
856 2062 987 2126 homine
1014 2063 1153 2147 quodam
1182 2064 1363 2146 invocatur,
1390 2070 1426 2128 ui
1454 2067 1519 2130 ini-

209 2162 328 2224 micum
360 2161 445 2226 lecto
477 2165 675 2245 prosternat,
707 2161 830 2225 seilicet
863 2161 993 2224 morbo
1030 2161 1191 2224 afficiat.
1244 2161 1382 2225 Videtur
1413 2163 1519 2227 simili

207 2259 303 2323 modo
327 2258 521 2324 deliberasse
544 2260 739 2343 PartheyuS,
762 2260 817 2343 qui
841 2258 977 2322 alterum
1004 2257 1111 2322 locum
1144 2260 1258 2342 papyri
1295 2259 1518 2325 Berolinensis

208 2380 345 2442 eumque
372 2383 402 2443 p.
420 2358 621 2442 125‚1882q.
650 2357 897 2441 inspiciendum:
926 2355 994 2440 ε’ρεῑ
1017 2355 1057 2420 δι’
1079 2373 1133 2420 σοι
1156 2354 1189 2442 (ὁ
1208 2356 1302 2444 θεὸς)
1325 2355 1400 2439 περὶ
1418 2383 1519 2423 κατα-

207 2459 345 2532 κλίσεως
367 2455 552 2540 ἀνθρώπου
576 2455 596 2538 ἢ
615 2457 743 2538 ζήσεται
762 2453 782 2537 ἢ
800 2453 1029 2538 τελ[ευτη’σ]ειε
1053 2453 1115 2518 hoe
1132 2454 1227 2518 modo
1247 2457 1346 2518 vertit
1358 2455 1403 2541 (p.
1421 2457 1518 2545 134):

205 2554 274 2632 „Er
296 2555 379 2618 κίνά
403 2556 455 2618 dir
477 2553 640 2635 Auslurrst
663 2553 757 2636 peden
779 2552 853 2616 iiber
879 2552 929 2615 die
955 2551 1135 2616 Kronlbeil
1159 2553 1242 2617 νίκας
1268 2553 1450 2639 Μοισοίιαι,
1478 2559 1519 2622 ob

206 2673 240 2716 er
263 2651 347 2715 leben
374 2653 446 2715 oder
472 2651 590 2715 sterben
616 2651 724 2715 wird.“
769 2649 914 2725 Quocum
941 2670 1005 2712 non
1038 2649 1234 2714 dissentiunt
1266 2651 1321 2714 alii
1352 2651 1429 2735 loci,
1456 2655 1519 2719 ubi

210 2749 344 2812 verbum
372 2751 583 2813 κατακλίνειν
609 2748 649 2811 ad
677 2752 796 2811 oerlam
821 2747 981 2810 actionem
1009 2748 1167 2832 magicam
1195 2749 1438 2834 significandam
1461 2754 1519 2816 ad-

205 2842 378 2931 hibetur2).
402 2843 524 2929 Itaque,
546 2850 583 2909 ul
606 2846 647 2909 ad
669 2845 776 2909 locum
800 2845 838 2908 de
857 2866 920 2929 quo
944 2844 1081 2908 exiimus
1104 2852 1311 2931 revertamur,
1333 2847 1395 2911 hoe
1417 2851 1517 2915 modo

207 2943 299 3006 illum
323 2943 513 3008 vertendum
536 2965 605 3008 esse
628 2947 793 3028 putamus:
816 2948 936 3027 „Atque
958 2964 1028 3008 erim
1057 2945 1228 3028 intraverit,
1256 2947 1421 3029 irrierroyes
1443 2970 1519 3013 σιιιιι

208 3042 245 3106 de
268 3063 327 3123 quo
350 3041 438 3124 velia,
461 3044 498 3107 de
520 3042 719 3119 ιίίνίιιαίίοκσ,
742 3043 779 3106 de
805 3042 981 3105 carminum
1003 3043 1231 3126 compositione,
1258 3047 1406 3126 ηαονιοιίο
1434 3067 1520 3110 som-

206 3140 297 3203 κίκκι
314 3139 412 3204 αλίικί
424 3141 529 3222 possis
547 3141 719 3222 impediere,
741 3140 889 3221 ηκουιοιίο
911 3141 1067 3204 sermio-m
1089 3142 1234 3227 eeer‘pn‘aq
1257 3145 1405 3224 ηιιουιοιίο
1432 3164 1518 3209 soro-

206 3238 297 3302 κίκνι
325 3238 468 3319 replices,
502 3240 650 3320 ηκοιιιοάο
677 3239 843 3302 inim-ierim
869 3238 991 3303 morbo
1020 3237 1213 3326 officias³)
1241 3242 1335 3321 deque
1362 3242 1517 3322 ominbus,

205 3356 285 3416 quae
307 3336 351 3398 αιί
371 3337 526 3418 κορίαννα
548 3337 710 3400 seientiam
728 3335 931 3417 pertineantf‘

296 3495 322 3558 1)
340 3490 381 3545 De
399 3491 490 3545 Wesa.
509 3491 543 3545 N.
563 3491 609 3546 Gr.
629 3492 679 3546 ZP.
695 3498 738 3560 32,
753 3497 805 3546 356
815 3510 855 3560 sq.
871 3518 906 3537 =
920 3491 988 3545 Ken.
1004 3498 1047 3557 95,
1063 3498 1115 3546 348
1125 3510 1165 3560 sq.
1186 3491 1301 3546 difficile
1320 3495 1364 3546 est
1377 3492 1515 3552 iudicare.

206 3569 289 3640 Legis
309 3569 383 3624 enim
406 3571 489 3627 haee:
518 3581 649 3640 μαντεῖον
672 3575 800 3642 (μαντιον
822 3574 899 3642 pap.)
922 3566 968 3624 iul
986 3570 1101 3632 παιδός·
1130 3569 1298 3635 κατακλίνας
1320 3576 1518 3643 (κατακλεινας

204 3654 280 3719 pap.)
308 3649 355 3704 ἐπὶ
377 3651 408 3706 τὸ
435 3651 541 3721 ἔδαφος
563 3651 637 3723 λίχε,
660 3654 709 3707 καλ
732 3650 887 3720 φανήσεται
910 3651 984 3722 αὐτῷ
1006 3649 1123 3706 παιδίον
1146 3650 1326 3722 μελάνχρονυ.
1363 3655 1517 3723 Incertum,

205 3733 299 3784 utrum
317 3740 385 3794 ταῖς
402 3735 605 3800 prosbematur‚
625 3749 661 3786 an
680 3736 747 3802 post
759 3729 929 3793 κατακλίνας
947 3731 1134 3801 supplendum
1153 3732 1191 3786 sit
1209 3734 1335 3803 σεαυτὸν,
1355 3736 1431 3802 quod
1450 3738 1516 3804 qui-

206 3810 271 3864 dem
289 3810 469 3865 verisimilius
487 3811 610 3867 videtur:
630 3829 749 3880 sequens
767 3812 842 3883 αὐτῷ
860 3828 918 3864 non
931 3810 1061 3877 offendit,
1080 3811 1148 3879 quia
1161 3830 1297 3882 personae
1311 3814 1341 3868 in
1354 3818 1516 3885 praeceptis

205 3889 324 3959 magieis
347 3908 404 3945 non
427 3894 558 3946 accurate
581 3891 807 3961 distinguuntur3
831 3890 865 3943 cf.
891 3907 932 3944 ex.
956 3908 997 3960 gr.
1016 3890 1118 3946 Abrax.
1139 3898 1204 3959 203,
1220 3898 1337 3962 23sqq.:
1366 3893 1515 3964 χάραττε

205 3967 386 4044 ἀδαμαντίνη)
401 3964 473 4043 λίθῳ
487 3972 552 4034 τοὺς
565 3968 766 4040 ὑποκειμένους
778 3979 956 4042 χαρακτῆρας
968 3972 1033 4033 τοὺς
1046 3970 1235 4043 ἀφθίχκτους,
1250 3972 1265 4026 ὁ
1279 3971 1315 4027 δὲ
1334 3974 1516 4044 χαράσσων

205 4050 277 4103 αὐτὰ
297 4050 363 4105 ἔστω
382 4051 512 4119 καθαρὸς
531 4051 588 4105 ἀπὸ
607 4049 697 4119 πάσης
715 4049 895 4119 ἀκαθαρσίας
912 4055 968 4106 κτλ.
1005 4052 1047 4106 De
1071 4052 1186 4106 somniis
1205 4056 1280 4107 certe
1298 4072 1355 4109 non
1373 4054 1476 4124 agitur.

249 4182 256 4197 ,
295 4133 322 4200 2)
339 4131 429 4184 Wess.
454 4129 500 4184 Gr.
525 4130 575 4185 ZP.
596 4136 643 4199 73,
658 4136 728 4185 2076
739 4149 811 4200 sqq:
841 4131 903 4201 άχει
925 4134 980 4201 (est
1002 4132 1117 4200 quidem
1140 4132 1249 4204 άχωχή,
1273 4151 1345 4201 quae
1363 4134 1452 4190 Wess.
1473 4137 1515 4194 ib.

206 4228 233 4279 p.
250 4216 284 4262 83
303 4208 462 4264 κατακλίσει
481 4206 634 4279 antecedit)
657 4208 689 4264 δὲ
712 4212 761 4264 καὶ
779 4209 940 4268 κατακλίνει
962 4213 1011 4265 καλ
1035 4214 1235 4282 ὀυειροιιομιιεῑ
1255 4216 1304 4268 καλ
1327 4212 1435 4285 κατέχει
1464 4222 1516 4274 καὶ

205 4288 390 4359 ὀνειραιτητεῑ
408 4292 455 4359 (so.
476 4289 491 4343 ὁ
514 4287 726 4360 νεκυοδαίμιον).
750 4291 787 4345 ib.
804 4297 851 4360 81,
866 4298 1019 4361 2441sqq.:
1043 4294 1127 4363 σκευὴ
1151 4293 1324 4363 ἐπιθάνατος
1347 4298 1515 4364 σεληνιακοῦ

207 4368 315 4438 ἄγουσα
339 4367 472 4438 ἀσχέτονς
487 4413 492 4423 ,
505 4413 527 4423 .,
543 4368 703 4424 κατακλίνει
730 4370 866 4442 γενναίως
892 4373 940 4426 καί
968 4373 1082 4441 ἀναιρεῖ
1102 4376 1130 4442 (1)
1157 4375 1286 4445 ἰσχυρῶς,
1314 4374 1519 4445 ὀνειροπομττεῖ

205 4446 362 4517 καλλίστας,
381 4448 565 4518 ὀνειραιτητεῑ
583 4453 758 4523 θαυμαστῶς,
796 4452 833 4506 ib.
849 4457 892 4521 86,
907 4457 976 4506 2622
989 4471 1061 4522 sqq:
1086 4456 1203 4526 διαβολὴ
1222 4456 1292 4523 πρὸς
1309 4455 1427 4525 σελήνην
1434 4501 1515 4516 .....

205 4528 298 4602 ἄχει...
311 4572 330 4596 .,
351 4529 557 4600 ὀνειροιτομιιεῑ,
576 4528 745 4599 κατακλίνει,
764 4531 979 4600 ὀνειροθαάιιτει
999 4537 1040 4604 (λ),
1060 4534 1173 4603 ἀναιρεῖ
1189 4538 1218 4604 (l)
1238 4531 1359 4606 ἐχθρούς
1376 4539 1414 4606 (ll)
1433 4542 1491 4592 κτλ,

291 4610 319 4675 3)
337 4607 401 4662 Non
424 4611 500 4662 recle
515 4609 570 4683 ¹hio
594 4610 753 4680 Partheyus
776 4630 803 4680 p.
821 4618 883 4668 137:
908 4615 1022 4685 ,σκιαρο
1040 4617 1101 4682 ibri)
1121 4617 1192 4670 κοιλ
1214 4618 1263 4671 der
1285 4617 1438 4688 Heilung]
1457 4635 1516 4675 νοκ

204 4688 420 4757 Κνοκίιλιίλικ“,
439 4689 488 4758 qui
506 4690 601 4746 neseio
621 4707 657 4745 an
678 4691 713 4746 de
732 4690 915 4748 incubatione
932 4693 996 4763 ipsa
1015 4694 1190 4765 cogitaverit.
1224 4751 1230 4762 ,
