3294 5190
612 306 653 359 De
672 305 854 359 incubatione
873 306 1034 360 christiana.
1428 307 1470 372 59

257 468 354 553 Apud
377 469 522 534 Medendi
546 470 689 554 episcopi
717 471 911 554 sepulcrum,
940 471 1026 554 quod
1054 471 1088 534 in
1117 469 1364 536 Suessionum
1392 473 1471 536 urbe

168 566 278 654 (hodie
312 566 475 654 Soissons)
508 565 701 653 exstabat¹),
734 563 972 632 incubationem
1009 570 1162 633 usitatam
1198 569 1297 634 fuisse
1334 573 1472 635 testatur

166 665 302 730 Venant.
316 665 447 731 Fortun.
464 665 496 731 II
511 666 560 749 16,
573 665 636 728 143
647 688 692 749 sq.
716 664 802 730 Mon.
819 664 922 730 Germ.
938 670 1019 730 auct.
1035 666 1081 731 lv
1094 669 1110 731 1
1123 690 1152 751 p.
1163 668 1219 732 48:
1234 668 1374 747 „uocibus
1391 669 1473 733 bnuc

166 761 324 850 (caecum)
348 766 501 831 66111616
524 765 708 830 monuisti
727 769 857 846 tempore
874 767 1006 843 somni,
1027 763 1030 851 1
1052 768 1185 830 16616161
1201 771 1237 830 61
1253 766 1339 831 celon
1356 769 1400 831 acl
1418 771 1472 832 tua

166 862 279 944 templa
303 863 467 945 pradnmf‘
516 860 595 926 Adit
623 864 773 947 aegrotus
802 863 953 945 martyris
984 864 1091 927 aulam
1120 867 1152 927 et
1184 862 1227 950 (v.
1248 861 1377 950 lbOsq.)
1401 886 1473 946 „per

165 961 294 1025 birluum
312 960 493 1027 recubans
511 965 582 1025 ante
600 958 827 1046 sepulchral)
839 961 918 1043 fuit·
940 958 944 1046 1
965 961 1078 1026 161116
1097 960 1152 1026 166
1165 963 1287 1028 rediens
1305 967 1472 1028 nocturnas

165 1058 298 1124 solverat
318 1059 471 1124 umbras“.

256 1155 487 1242 Noviomagi
512 1155 621 1243 (hodie
644 1152 777 1241 Noyon)
802 1179 825 1219 s.
843 1155 946 1242 Eligii
966 1155 1147 1241 sepulcrum
1166 1158 1329 1223 miraculis
1353 1158 1471 1222 floruit.

167 1254 245 1318 Vita
278 1255 345 1318 eius
378 1276 451 1318 cum
483 1252 547 1317 elia
578 1253 672 1317 nobis
706 1253 837 1337 praebet
874 1258 943 1317 tum
980 1254 1059 1320 haec
1096 1254 1142 1343 (II
1169 1256 1210 1319 bl
1245 1255 1355 1341 Migne
1387 1260 1409 1320 1.
1429 1256 1470 1321 87

167 1376 196 1436 p.
216 1352 258 1415 57
262 1350 346 1438 811ε
370 1355 542 1434 ,puaedam
564 1373 697 1433 namque
717 1353 839 1434 femina
857 1358 1098 1418 6616616666
1116 1357 1159 1420 arl
1177 1354 1350 1437 sepulcrum
1372 1357 1473 1419 666611

144 1445 270 1533 'Eripit
290 1451 354 1531 fuit
376 1453 533 1532 quondam
556 1449 674 1527 oblata·
698 1472 777 1532 quae
799 1452 944 1516 6666116
961 1452 1076 1516 ibiclem
1098 1453 1207 1517 orbata
1224 1458 1252 1517 61
1269 1454 1337 1519 sine
1355 1452 1473 1534 loquela

166 1551 203 1613 ae
230 1549 311 1613 caclo
340 1553 525 1631 exspectaret
550 1548 713 1632 66616166,
744 1570 872 1630 sopore
900 1552 1046 1614 1661166
1079 1553 1253 1632 depressa
1280 1572 1386 1616 somno
1414 1572 1473 1616 sua

166 1648 312 1712 concessit
330 1647 474 1711 membra.
493 1651 522 1712 et
539 1668 601 1711 ecce
623 1651 742 1729 repente
765 1649 849 1711 6166
867 1649 1072 1729 quiesceret
1093 1649 1212 1714 61666
1230 1653 1284 1714 661
1304 1650 1474 1714 astitisse

165 1750 306 1810 sanctum
329 1745 473 1828 Elipinm
492 1751 582 1827 atque
600 1745 701 1810 oculos
719 1745 855 1810 61666166
873 1744 1032 1811 mulcendo
1052 1747 1190 1831 teupisse,
1209 1746 1363 1811 cultellum
1380 1748 1474 1810 61166

168 1843 213 1906 661
234 1844 384 1925 forcipem
407 1845 443 1907 in
464 1845 562 1925 specle
579 1844 691 1908 6661161
705 1864 803 1908 manu
818 1848 943 1925 pestans
961 1845 1117 1926 compeclcs
1136 1845 1261 1927 linpuae
1278 1845 1345 1910 eius
1368 1845 1475 1909 1661161

165 1941 339 2007 abscidisse.
363 1942 528 2006 61661166
555 1942 697 2007 continuo
725 1943 985 2024 eaperpefacta
1009 1993 1015 2005 .
1042 1993 1047 2004 .
1072 1991 1079 2004 .
1107 1963 1201 2007 sana
1225 1945 1313 2024 facta
1336 1991 1343 2006 .
1369 1995 1375 2007 .
1399 1965 1473 2008 ,16-

163 2060 270 2122 pressa
293 2045 337 2103 est
359 2042 402 2104 acl
413 2040 580 2122 propriam
599 2039 734 2104 villam.“
769 2039 985 2122 Exspectatur
1003 2039 1153 2104 videlicet
1172 2041 1342 2124 somnium,
1366 2040 1474 2124 itaque

168 2136 338 2200 statuenda
362 2136 533 2201 incubatio.

254 2243 493 2308 Turonorum
525 2245 559 2308 in
589 2244 667 2308 urbe
698 2267 722 2308 s.
750 2244 926 2308 Martinam
959 2267 1016 2329 per
1049 2245 1211 2309 somnium
1244 2245 1429 2328 apparuisse
1458 2269 1474 2310 e
1581 2279 1582 2283 ¹

168 2342 293 2406 duobus
318 2343 421 2406 elucet
444 2341 639 2406 testimoniis
668 2342 753 2426 apud
781 2339 971 2427 Gregorium
1001 2343 1143 2406 eiusdem
1171 2342 1259 2406 urbis
1289 2343 1474 2428 episcopum

167 2441 309 2504 servatis.
333 2438 482 2504 Alterum
496 2440 616 2525 legitur
630 2440 669 2504 de
683 2442 793 2505 virtut.
808 2463 831 2504 6.
841 2439 958 2504 Iuliani
973 2441 1014 2504 41
1031 2440 1118 2505 Mon.
1134 2439 1237 2505 Germ.
1253 2462 1310 2506 scr.
1326 2465 1349 2506 r.
1365 2442 1407 2505 M.
1422 2440 1438 2504 1
1454 2443 1474 2506 2

167 2562 197 2622 p.
213 2538 289 2621 583,
306 2539 338 2602 l:
357 2538 488 2624 „mulier
505 2544 606 2604 61616
619 2541 782 2603 nativitate
795 2559 893 2623 66666,
907 2560 985 2621 qaae
998 2561 1030 2605 se
1043 2539 1178 2604 exbiberi
1196 2560 1218 2603 a
1230 2541 1414 2621 parentibus
1432 2543 1476 2605 611

166 2638 247 2701 beati
271 2637 413 2701 Martini
436 2636 588 2703 tumulum
612 2640 846 2719 1666666661.
869 2637 924 2703 ubi
946 2639 1175 2716 6666616661,
1197 2643 1391 2727 prostrata
1409 2659 1476 2720 pcr

167 2736 337 2800 11161666
358 2738 402 2801 acl
425 2735 581 2820 cancellos,
604 2736 659 2818 qui
681 2740 753 2801 ante
779 2735 1012 2818 sepulchrum
1034 2738 1135 2803 sancti
1152 2737 1304 2802 antistitis
1326 2736 1476 2801 labentur

167 2927 252 2982 aliter
271 2945 331 2982 sese
349 2929 450 2995 habet3
469 2946 534 2981 nam
554 2931 652 2982 narrat
671 2947 690 2984 6.
711 2929 850 2984 Martinus
870 2947 899 2984 se
918 2948 982 2984 cum
1001 2930 1074 2984 clero
1093 2930 1124 2983 in
1138 2929 1286 2984 eeclesiam
1305 2929 1475 3000 confugisse,

166 3027 229 3062 cum
254 3008 396 3078 Calliopae
420 3009 556 3063 exarchus
579 3009 678 3064 urbem
706 3008 846 3064 intrasset.
878 3029 902 3065 v.
922 3029 948 3079 p.
966 3010 1059 3064 1990:
1084 3012 1189 3080 „ipitur
1211 3016 1243 3064 61
1265 3003 1336 3064 scias
1359 3012 1476 3080 qualiter

166 3090 290 3145 sublatus
313 3095 338 3143 et
366 3089 463 3144 ductus
493 3091 545 3144 sira
568 3108 586 3144 a
609 3091 738 3144 Romana
761 3091 834 3156 urbe,
858 3092 900 3144 611
922 3091 1025 3156 falsum
1047 3091 1144 3145 6661166
1169 3091 1358 3145 madentium.
1384 3093 1477 3145 66616

164 3170 300 3238 praescivi
314 3186 366 3237 per
384 3174 470 3233 16166
488 3176 601 3238 tempus,
619 3186 688 3238 quae
707 3169 926 3236 meditabantur;
946 3177 971 3225 61
988 3176 1096 3238 surnpto
1114 3171 1215 3239 meipso
1233 3187 1295 3224 cum
1313 3172 1388 3224 6661
1406 3172 1475 3225 61616

165 3266 231 3315 meo,
246 3249 380 3317 priuatim
398 3250 489 3304 mansi
508 3250 540 3302 in
557 3250 668 3304 ecclesia
687 3248 840 3304 Saloutaria
857 3251 945 3306 666111
967 3252 1033 3305 Iesu
1052 3250 1162 3316 01111611,
1181 3267 1250 3319 quae
1268 3252 1476 3321 connominatur

168 3329 401 3384 Constantiniana
428 3373 433 3384 .
459 3374 464 3384 .
491 3373 495 3381 .
524 3330 582 3384 11116
612 3331 684 3383 6616
709 3346 800 3384 66666
824 3347 874 3385 nos
898 3348 1019 3386 seorsum
1043 3332 1218 3385 morabamur
1243 3349 1262 3385 a
1291 3331 1335 3386 die
1360 3332 1476 3397 sabbati,

165 3408 277 3479 quando
297 3410 438 3478 Calliopes
456 3427 518 3464 cum
536 3410 697 3465 Rauennati
714 3412 834 3465 66616116
857 3417 882 3465 61
907 3411 1046 3467 Theodoro
1069 3411 1238 3466 cubiculario
1262 3412 1388 3466 161161611
1410 3412 1475 3466 6161-

166 3496 272 3546 161661.
311 3488 452 3543 Nimirum
471 3507 535 3544 cum
554 3489 584 3543 in
603 3489 723 3544 ecclesia
740 3493 898 3544 moraretur
916 3508 1001 3561 papa,
1020 3490 1128 3546 ibidem
1147 3490 1173 3545 ci
1193 3493 1254 3546 erat
1272 3490 1474 3546 dormiendum.

167 3604 200 3611 —
220 3570 348 3624 Alterum
366 3570 560 3625 testimonium
579 3571 615 3623 ad
634 3568 824 3624 incubationis
843 3589 925 3624 usum
943 3571 1015 3625 false
1034 3571 1168 3639 relatum,
1191 3571 1267 3640 quod
1285 3574 1380 3626 tamen
1400 3572 1475 3641 apud

168 3668 223 3720 eos,
242 3651 292 3719 qui
311 3652 345 3705 de
365 3651 546 3706 incubatione
572 3650 756 3720 scripserunt,
780 3651 892 3720 saepius
917 3651 1051 3721 oocunit,
1073 3651 1221 3706 Prudentii
1244 3651 1358 3706 exhibet
1381 3668 1475 3705 versus

171 3732 350 3801 (Apotheosis
370 3737 430 3801 186,
449 3748 660 3801 nonnumquam
680 3731 751 3786 false
770 3749 803 3786 ex
822 3730 1037 3801 Hemartigenia
1061 3729 1186 3801 citatusp
1206 3733 1314 3800 „ecquis
1336 3733 1368 3785 in
1390 3732 1475 3786 1616116

168 3814 301 3867 recubans
320 3814 392 3867 inter
409 3830 490 3868 sacra
508 3815 607 3869 rnille“.
642 3812 719 3878 Quae
738 3812 824 3867 verba
838 3812 874 3866 ad
889 3811 1041 3882 epistulam
1059 3810 1181 3882 priorem
1195 3809 1347 3866 Corinthiis
1361 3810 1475 3864 missam

167 3894 297 3961 spectant
315 3896 423 3964 (8‚10):
444 3892 495 3948 tim
514 3893 566 3964 γάρ
585 3913 627 3956 τις
646 3893 692 3964 ἴδῃ
713 3892 742 3947 ct
768 3893 817 3947 τὸν
841 3892 940 3963 ἔχοντα
964 3902 1066 3964 γνῶσιν
1090 3891 1126 3946 ἐν
1149 3889 1291 3963 εἰδωλίῳ
1315 3888 1475 3945 κατακεί-

167 3991 283 4040 μενον,
303 3974 365 4042 οὐχὶ
383 3973 400 4042 11
420 3972 578 4044 συνείδησις
596 3975 683 4028 αὐτοῦ
702 3974 842 4035 ἀσθενοῦς
861 3973 941 4035 ὄντος
960 3970 1215 4042 οἰκοδομηθήσεται
1235 3971 1274 4033 εἰς
1292 3972 1323 4025 τὸ
1342 3970 1377 4025 τὰ
1396 3972 1475 4026 εἰδω-

167 4050 277 4106 λόθυτα
303 4051 422 4122 tottam
449 4054 497 4107 ubi
524 4051 725 4122 κατακείμενον
751 4080 784 4099 =
812 4053 1057 4122 166666111661616,
1088 4053 1137 4120 „id
1162 4058 1200 4107 661
1226 4053 1378 4121 epulantem
1404 4070 1475 4108 6616

169 4133 300 4199 (11666611,
319 4132 401 4202 Hugo
421 4133 534 4187 Grotius
554 4134 590 4188 ad
609 4135 709 4188 locum.

262 4215 288 4282 1)
308 4213 341 4266 cf.
362 4212 509 4283 [Venantii
532 4213 693 4284 Fortunati]
712 4213 799 4267 vitam
819 4231 839 4267 s.
859 4212 988 4266 Medardi
1009 4216 1106 4283 11119)
1120 4213 1158 4268 M.
1174 4213 1205 4267 G.
1222 4217 1295 4269 auct.
1310 4214 1350 4268 lV
1364 4220 1379 4266 2
1394 4232 1420 4282 p.
1433 4219 1474 4266 71.

257 4296 283 4362 2)
303 4293 337 4346 cf.
363 4292 400 4346 ib.
425 4310 490 4362 pag.
515 4293 657 4362 superiore
681 4313 704 4347 v.
722 4299 822 4361 111sq.
847 4293 883 4348 de
905 4292 1076 4363 paralytica:
1099 4295 1303 4363 ,1666616661
1326 4295 1406 4349 tardo
1429 4301 1476 4362 661,

167 4392 228 4428 666
247 4375 303 4428 iam
317 4391 377 4442 spes
390 4374 482 4441 fracta
496 4374 603 4440 iaceret,
618 4380 681 4428 ante
696 4380 755 4429 1666
769 4374 914 4429 tumulos
927 4376 1066 4442 6161116616
1079 4381 1212 4441 666663·
1226 4373 1268 4428 vel
1283 4374 1320 4428 ib.
1336 4393 1359 4428 v.
1378 4381 1426 4428 137
1434 4392 1473 4442 sq.

169 4454 203 4506 de
223 4453 329 4507 femina
347 4453 417 4507 item
435 4452 594 4522 paralytica
613 4471 710 4507 manu:
730 4455 936 4521 „conrmenrlata
954 4460 1001 4511 166
1023 4455 1106 4510 rediit
1128 4455 1264 4510 6166116616
1286 4457 1475 4524 sepulchro:

167 4534 239 4603 qnod
258 4534 291 4589 616
309 4539 395 4588 66116
412 4534 492 4601 perit,
512 4533 544 4588 de
563 4535 667 4589 1616616
686 4536 810 4604 16616111(
845 4535 877 4588 Id
896 4535 972 4604 quod
991 4550 1025 4589 ea
1042 4551 1142 4604 nempe
1161 4551 1191 4589 re
1211 4533 1379 4604 explicatur,
1399 4535 1474 4604 quod

170 4631 185 4667 6
207 4617 362 4683 martyrum
382 4613 523 4683 sepulcro,
541 4612 571 4666 in
590 4631 645 4682 quo
664 4614 719 4685 ipsi
742 4615 824 4684 quasi
842 4615 1007 4671 habitantes
1026 4614 1237 4687 cogitabantur,
1261 4613 1396 4690 imprimis
1419 4616 1475 4677 vim

173 4693 348 4749 salutiferam
366 4694 441 4750 exire
459 4694 607 4765 putabant.
