<?xml version="1.0" encoding="UTF-8"?>
<!DOCTYPE html PUBLIC "-//W3C//DTD XHTML 1.0 Transitional//EN"
    "http://www.w3.org/TR/xhtml1/DTD/xhtml1-transitional.dtd">
<html xmlns="http://www.w3.org/1999/xhtml" xml:lang="en" lang="en">
 <head>
  <title>
</title>
<meta http-equiv="Content-Type" content="text/html;charset=utf-8" />
  <meta name='ocr-system' content='tesseract 3.04.00' />
  <meta name='ocr-capabilities' content='ocr_page ocr_carea ocr_par ocr_line ocrx_word'/>
</head>
<body>
  <div class='ocr_page' id='page_1' title='image "./deincubationeca00deubgoog/deincubationeca00deubgoog_0064.png"; bbox 0 0 3294 5190; ppageno 0'>
   <div class='ocr_carea' id='block_1_1' title="bbox 562 363 1470 434">
    <p class='ocr_par' dir='ltr' id='par_1_1' title="bbox 562 363 1470 434">
     <span class='ocr_line' id='line_1_1' title="bbox 562 363 1470 434; baseline 0.003 -17"><span class='ocrx_word' id='word_1_1' title='bbox 562 365 604 417; x_wconf 91' lang='lat' dir='ltr'>De</span> <span class='ocrx_word' id='word_1_2' title='bbox 623 364 746 418; x_wconf 80' lang='lat' dir='ltr'>carmine</span> <span class='ocrx_word' id='word_1_3' title='bbox 764 363 900 434; x_wconf 91' lang='lat' dir='ltr'>Delphico</span> <span class='ocrx_word' id='word_1_4' title='bbox 918 364 1077 434; x_wconf 84' lang='lat' dir='ltr'>Euripideo.</span> <span class='ocrx_word' id='word_1_5' title='bbox 1430 366 1470 430; x_wconf 85' lang='lat'>51</span> 
     </span>
    </p>
   </div>
   <div class='ocr_carea' id='block_1_2' title="bbox 165 525 1475 1789">
    <p class='ocr_par' dir='ltr' id='par_1_2' title="bbox 165 525 1474 1397">
     <span class='ocr_line' id='line_1_2' title="bbox 168 525 1473 611; baseline 0.001 -20"><span class='ocrx_word' id='word_1_6' title='bbox 168 526 246 591; x_wconf 89' lang='lat' dir='ltr'>satis</span> <span class='ocrx_word' id='word_1_7' title='bbox 282 531 428 592; x_wconf 89' lang='lat' dir='ltr'>accurate</span> <span class='ocrx_word' id='word_1_8' title='bbox 459 527 612 591; x_wconf 84' lang='lat' dir='ltr'>iudicavit</span> <span class='ocrx_word' id='word_1_9' title='bbox 643 525 837 610; x_wconf 80' lang='lat' dir='ltr'>(ilerhardus,</span> <span class='ocrx_word' id='word_1_10' title='bbox 868 527 924 610; x_wconf 96' lang='lat' dir='ltr'>qui</span> <span class='ocrx_word' id='word_1_11' title='bbox 954 527 1033 591; x_wconf 91' lang='lat' dir='ltr'>dicit</span> <span class='ocrx_word' id='word_1_12' title='bbox 1059 527 1079 592; x_wconf 90' lang='lat' dir='ltr'>l.</span> <span class='ocrx_word' id='word_1_13' title='bbox 1108 550 1131 592; x_wconf 91' lang='lat' dir='ltr'>s.</span> <span class='ocrx_word' id='word_1_14' title='bbox 1160 528 1347 593; x_wconf 90' lang='lat' dir='ltr'>Themidem</span> <span class='ocrx_word' id='word_1_15' title='bbox 1380 529 1473 611; x_wconf 91' lang='lat' dir='ltr'>plane</span> 
     </span>
     <span class='ocr_line' id='line_1_3' title="bbox 166 623 1473 709; baseline 0.001 -20"><span class='ocrx_word' id='word_1_16' title='bbox 166 625 298 689; x_wconf 90' lang='lat' dir='ltr'>eandem</span> <span class='ocrx_word' id='word_1_17' title='bbox 321 625 432 689; x_wconf 92' lang='lat' dir='ltr'>haberi</span> <span class='ocrx_word' id='word_1_18' title='bbox 452 629 547 709; x_wconf 89' lang='lat' dir='ltr'>atque</span> <span class='ocrx_word' id='word_1_19' title='bbox 568 623 713 689; x_wconf 76' lang='lat' dir='ltr'>Cererem</span> <span class='ocrx_word' id='word_1_20' title='bbox 737 625 870 708; x_wconf 82' lang='lat' dir='ltr'><strong>Erinyn.</strong></span> <span class='ocrx_word' id='word_1_21' title='bbox 912 623 1031 709; x_wconf 84' lang='lat' dir='ltr'>Agitur</span> <span class='ocrx_word' id='word_1_22' title='bbox 1050 625 1134 689; x_wconf 91' lang='lat' dir='ltr'>enim</span> <span class='ocrx_word' id='word_1_23' title='bbox 1153 626 1272 690; x_wconf 85' lang='lat' dir='ltr'>ibidem</span> <span class='ocrx_word' id='word_1_24' title='bbox 1292 626 1330 690; x_wconf 90' lang='lat' dir='ltr'>de</span> <span class='ocrx_word' id='word_1_25' title='bbox 1350 625 1473 691; x_wconf 74' lang='lat' dir='ltr'>Cereris</span> 
     </span>
     <span class='ocr_line' id='line_1_4' title="bbox 166 721 1473 807; baseline 0.001 -20"><span class='ocrx_word' id='word_1_26' title='bbox 166 745 256 788; x_wconf 90' lang='lat' dir='ltr'>sacro</span> <span class='ocrx_word' id='word_1_27' title='bbox 280 722 380 787; x_wconf 89' lang='lat' dir='ltr'>Onoei</span> <span class='ocrx_word' id='word_1_28' title='bbox 407 723 441 786; x_wconf 89' lang='lat' dir='ltr'>in</span> <span class='ocrx_word' id='word_1_29' title='bbox 464 721 620 787; x_wconf 83' lang='lat' dir='ltr'>Arcadiae</span> <span class='ocrx_word' id='word_1_30' title='bbox 644 723 763 805; x_wconf 92' lang='lat' dir='ltr'>oppido</span> <span class='ocrx_word' id='word_1_31' title='bbox 787 723 858 807; x_wconf 94' lang='lat' dir='ltr'>sito,</span> <span class='ocrx_word' id='word_1_32' title='bbox 887 724 939 787; x_wconf 94' lang='lat' dir='ltr'>cui</span> <span class='ocrx_word' id='word_1_33' title='bbox 963 724 1043 787; x_wconf 90' lang='lat' dir='ltr'>duae</span> <span class='ocrx_word' id='word_1_34' title='bbox 1062 724 1173 788; x_wconf 89' lang='lat' dir='ltr'>insunt</span> <span class='ocrx_word' id='word_1_35' title='bbox 1200 729 1325 789; x_wconf 75' lang='lat' dir='ltr'>statuae</span> <span class='ocrx_word' id='word_1_36' title='bbox 1350 723 1473 789; x_wconf 84' lang='lat' dir='ltr'>Cereris</span> 
     </span>
     <span class='ocr_line' id='line_1_5' title="bbox 165 819 1473 908; baseline 0.002 -24"><span class='ocrx_word' id='word_1_37' title='bbox 165 821 306 904; x_wconf 83' lang='lat' dir='ltr'>Erinyos</span> <span class='ocrx_word' id='word_1_38' title='bbox 325 826 357 885; x_wconf 94' lang='lat' dir='ltr'>et</span> <span class='ocrx_word' id='word_1_39' title='bbox 376 819 499 885; x_wconf 84' lang='lat' dir='ltr'>Cereris</span> <span class='ocrx_word' id='word_1_40' title='bbox 518 821 647 906; x_wconf 80' lang='lat' dir='ltr'>Lusias3</span> <span class='ocrx_word' id='word_1_41' title='bbox 669 825 778 885; x_wconf 90' lang='lat' dir='ltr'>tamen</span> <span class='ocrx_word' id='word_1_42' title='bbox 801 821 883 885; x_wconf 92' lang='lat' dir='ltr'>hanc</span> <span class='ocrx_word' id='word_1_43' title='bbox 906 821 1042 885; x_wconf 91' lang='lat' dir='ltr'>alteram</span> <span class='ocrx_word' id='word_1_44' title='bbox 1065 821 1164 887; x_wconf 85' lang='lat' dir='ltr'>fuisse</span> <span class='ocrx_word' id='word_1_45' title='bbox 1188 822 1266 886; x_wconf 92' lang='lat' dir='ltr'>dicit</span> <span class='ocrx_word' id='word_1_46' title='bbox 1288 822 1473 908; x_wconf 81' lang='lat' dir='ltr'>Pausaniae,</span> 
     </span>
     <span class='ocr_line' id='line_1_6' title="bbox 166 917 1472 1006; baseline 0.002 -24"><span class='ocrx_word' id='word_1_47' title='bbox 166 941 247 1003; x_wconf 90' lang='lat' dir='ltr'>quae</span> <span class='ocrx_word' id='word_1_48' title='bbox 280 939 353 983; x_wconf 89' lang='lat' dir='ltr'>oum</span> <span class='ocrx_word' id='word_1_49' title='bbox 390 918 543 982; x_wconf 86' lang='lat' dir='ltr'>Themide</span> <span class='ocrx_word' id='word_1_50' title='bbox 575 917 882 1006; x_wconf 85' lang='lat' dir='ltr'>commisceretur¹),</span> <span class='ocrx_word' id='word_1_51' title='bbox 912 941 1015 1004; x_wconf 89' lang='lat' dir='ltr'>neque</span> <span class='ocrx_word' id='word_1_52' title='bbox 1050 942 1125 984; x_wconf 83' lang='lat' dir='ltr'>vero</span> <span class='ocrx_word' id='word_1_53' title='bbox 1160 918 1322 992; x_wconf 34' lang='lat' dir='ltr'>Cererem⁸</span> <span class='ocrx_word' id='word_1_54' title='bbox 1340 921 1472 1004; x_wconf 81' lang='lat' dir='ltr'>Erinyn.</span> 
     </span>
     <span class='ocr_line' id='line_1_7' title="bbox 167 1016 1473 1102; baseline 0.002 -22"><span class='ocrx_word' id='word_1_55' title='bbox 167 1016 310 1093; x_wconf 83' lang='lat' dir='ltr'>Quacum</span> <span class='ocrx_word' id='word_1_56' title='bbox 343 1038 417 1080; x_wconf 90' lang='lat' dir='ltr'>sane</span> <span class='ocrx_word' id='word_1_57' title='bbox 451 1016 600 1080; x_wconf 89' lang='lat' dir='ltr'>nonnihil</span> <span class='ocrx_word' id='word_1_58' title='bbox 624 1038 792 1081; x_wconf 91' lang='lat' dir='ltr'>commune</span> <span class='ocrx_word' id='word_1_59' title='bbox 820 1017 936 1081; x_wconf 89' lang='lat' dir='ltr'>habere</span> <span class='ocrx_word' id='word_1_60' title='bbox 964 1017 1151 1082; x_wconf 91' lang='lat' dir='ltr'>Themidem</span> <span class='ocrx_word' id='word_1_61' title='bbox 1176 1041 1248 1083; x_wconf 91' lang='lat' dir='ltr'>cum</span> <span class='ocrx_word' id='word_1_62' title='bbox 1277 1017 1296 1082; x_wconf 89' lang='lat' dir='ltr'>l.</span> <span class='ocrx_word' id='word_1_63' title='bbox 1316 1040 1339 1082; x_wconf 92' lang='lat' dir='ltr'>s.</span> <span class='ocrx_word' id='word_1_64' title='bbox 1362 1019 1473 1102; x_wconf 91' lang='lat' dir='ltr'>elucet,</span> 
     </span>
     <span class='ocr_line' id='line_1_8' title="bbox 166 1113 1474 1198; baseline 0.001 -20"><span class='ocrx_word' id='word_1_65' title='bbox 166 1135 230 1198; x_wconf 92' lang='lat' dir='ltr'>quo</span> <span class='ocrx_word' id='word_1_66' title='bbox 258 1115 339 1178; x_wconf 88' lang='lat' dir='ltr'>duae</span> <span class='ocrx_word' id='word_1_67' title='bbox 362 1113 435 1178; x_wconf 89' lang='lat' dir='ltr'>illae</span> <span class='ocrx_word' id='word_1_68' title='bbox 459 1117 584 1178; x_wconf 76' lang='lat' dir='ltr'>statuae</span> <span class='ocrx_word' id='word_1_69' title='bbox 608 1118 764 1197; x_wconf 86' lang='lat' dir='ltr'>apparent</span> <span class='ocrx_word' id='word_1_70' title='bbox 786 1114 983 1198; x_wconf 87' lang='lat' dir='ltr'>coniunctae,</span> <span class='ocrx_word' id='word_1_71' title='bbox 1002 1119 1072 1179; x_wconf 94' lang='lat' dir='ltr'>tum</span> <span class='ocrx_word' id='word_1_72' title='bbox 1092 1116 1301 1180; x_wconf 91' lang='lat' dir='ltr'>confirmatur</span> <span class='ocrx_word' id='word_1_73' title='bbox 1319 1138 1474 1181; x_wconf 88' lang='lat' dir='ltr'>memora-</span> 
     </span>
     <span class='ocr_line' id='line_1_9' title="bbox 165 1210 1474 1301; baseline 0.004 -27"><span class='ocrx_word' id='word_1_74' title='bbox 165 1212 224 1275; x_wconf 84' lang='lat' dir='ltr'>bili</span> <span class='ocrx_word' id='word_1_75' title='bbox 248 1212 362 1295; x_wconf 85' lang='lat' dir='ltr'>papyri</span> <span class='ocrx_word' id='word_1_76' title='bbox 381 1212 523 1297; x_wconf 80' lang='lat' dir='ltr'>magicae</span> <span class='ocrx_word' id='word_1_77' title='bbox 547 1212 617 1276; x_wconf 89' lang='lat' dir='ltr'>looo</span> <span class='ocrx_word' id='word_1_78' title='bbox 641 1210 761 1298; x_wconf 88' lang='lat' dir='ltr'>(Wess.</span> <span class='ocrx_word' id='word_1_79' title='bbox 781 1210 832 1276; x_wconf 82' lang='lat' dir='ltr'>Gr.</span> <span class='ocrx_word' id='word_1_80' title='bbox 857 1211 917 1276; x_wconf 88' lang='lat' dir='ltr'>ZP.</span> <span class='ocrx_word' id='word_1_81' title='bbox 940 1212 1011 1297; x_wconf 79' lang='lat'>107,</span> <span class='ocrx_word' id='word_1_82' title='bbox 1034 1211 1126 1299; x_wconf 81' lang='lat'>195),</span> <span class='ocrx_word' id='word_1_83' title='bbox 1149 1213 1205 1278; x_wconf 91' lang='lat' dir='ltr'>ubi</span> <span class='ocrx_word' id='word_1_84' title='bbox 1232 1214 1364 1298; x_wconf 87' lang='lat' dir='ltr'>legitur:</span> <span class='ocrx_word' id='word_1_85' title='bbox 1393 1212 1474 1301; x_wconf 79' lang='grc' dir='ltr'>(ἐπι-</span> 
     </span>
     <span class='ocr_line' id='line_1_10' title="bbox 166 1307 793 1397; baseline 0 -23"><span class='ocrx_word' id='word_1_86' title='bbox 166 1309 344 1397; x_wconf 78' lang='grc' dir='ltr'><strong><em>καλοῦμαι)</em></strong></span> <span class='ocrx_word' id='word_1_87' title='bbox 367 1307 422 1374; x_wconf 79' lang='grc' dir='ltr'>καὶ</span> <span class='ocrx_word' id='word_1_88' title='bbox 448 1309 551 1394; x_wconf 80' lang='grc' dir='ltr'><em>Θέμιν</em></span> <span class='ocrx_word' id='word_1_89' title='bbox 574 1307 629 1374; x_wconf 79' lang='grc' dir='ltr'>καὶ</span> <span class='ocrx_word' id='word_1_90' title='bbox 647 1309 793 1395; x_wconf 81' lang='grc' dir='ltr'><strong><em>Ἐρίνυν.</em></strong></span> 
     </span>
    </p>

    <p class='ocr_par' dir='ltr' id='par_1_3' title="bbox 166 1406 1475 1789">
     <span class='ocr_line' id='line_1_11' title="bbox 255 1406 1473 1492; baseline 0.003 -22"><span class='ocrx_word' id='word_1_91' title='bbox 255 1406 293 1470; x_wconf 94' lang='lat' dir='ltr'>In</span> <span class='ocrx_word' id='word_1_92' title='bbox 324 1408 465 1471; x_wconf 89' lang='lat' dir='ltr'>carmine</span> <span class='ocrx_word' id='word_1_93' title='bbox 495 1407 671 1492; x_wconf 83' lang='lat' dir='ltr'>Euripideo</span> <span class='ocrx_word' id='word_1_94' title='bbox 703 1411 856 1492; x_wconf 89' lang='lat' dir='ltr'>quattuor</span> <span class='ocrx_word' id='word_1_95' title='bbox 891 1414 1063 1473; x_wconf 91' lang='lat' dir='ltr'>occurrunt</span> <span class='ocrx_word' id='word_1_96' title='bbox 1093 1409 1256 1492; x_wconf 89' lang='lat' dir='ltr'>potentiae</span> <span class='ocrx_word' id='word_1_97' title='bbox 1289 1410 1473 1475; x_wconf 89' lang='lat' dir='ltr'>chthoniae:</span> 
     </span>
     <span class='ocr_line' id='line_1_12' title="bbox 166 1503 1474 1593; baseline 0.003 -25"><span class='ocrx_word' id='word_1_98' title='bbox 166 1505 265 1569; x_wconf 91' lang='lat' dir='ltr'>Terra</span> <span class='ocrx_word' id='word_1_99' title='bbox 288 1505 357 1589; x_wconf 89' lang='lat' dir='ltr'>ipsa</span> <span class='ocrx_word' id='word_1_100' title='bbox 381 1503 505 1593; x_wconf 77' lang='lat' dir='ltr'>(Pota),</span> <span class='ocrx_word' id='word_1_101' title='bbox 528 1506 667 1590; x_wconf 86' lang='lat' dir='ltr'>Python,</span> <span class='ocrx_word' id='word_1_102' title='bbox 690 1505 830 1590; x_wconf 80' lang='lat' dir='ltr'>Themis,</span> <span class='ocrx_word' id='word_1_103' title='bbox 856 1505 998 1591; x_wconf 80' lang='lat' dir='ltr'>Chthon,</span> <span class='ocrx_word' id='word_1_104' title='bbox 1022 1528 1103 1591; x_wconf 89' lang='lat' dir='ltr'>quae</span> <span class='ocrx_word' id='word_1_105' title='bbox 1127 1508 1180 1572; x_wconf 90' lang='lat' dir='ltr'>hic</span> <span class='ocrx_word' id='word_1_106' title='bbox 1204 1508 1333 1591; x_wconf 89' lang='lat' dir='ltr'>quidem</span> <span class='ocrx_word' id='word_1_107' title='bbox 1357 1509 1474 1572; x_wconf 90' lang='lat' dir='ltr'>discer-</span> 
     </span>
     <span class='ocr_line' id='line_1_13' title="bbox 166 1602 1475 1689; baseline 0.002 -23"><span class='ocrx_word' id='word_1_108' title='bbox 166 1603 253 1666; x_wconf 89' lang='lat' dir='ltr'>nitur</span> <span class='ocrx_word' id='word_1_109' title='bbox 272 1625 291 1666; x_wconf 85' lang='grc'>1</span> <span class='ocrx_word' id='word_1_110' title='bbox 309 1603 415 1667; x_wconf 90' lang='lat' dir='ltr'>Terra.</span> <span class='ocrx_word' id='word_1_111' title='bbox 452 1603 566 1689; x_wconf 81' lang='lat' dir='ltr'>Pugna</span> <span class='ocrx_word' id='word_1_112' title='bbox 585 1604 669 1668; x_wconf 91' lang='lat' dir='ltr'>inter</span> <span class='ocrx_word' id='word_1_113' title='bbox 687 1602 874 1688; x_wconf 83' lang='lat' dir='ltr'>Apollinem</span> <span class='ocrx_word' id='word_1_114' title='bbox 893 1607 926 1667; x_wconf 89' lang='lat' dir='ltr'>et</span> <span class='ocrx_word' id='word_1_115' title='bbox 944 1603 1075 1668; x_wconf 84' lang='lat' dir='ltr'>Terram</span> <span class='ocrx_word' id='word_1_116' title='bbox 1094 1603 1266 1668; x_wconf 91' lang='lat' dir='ltr'>commissa</span> <span class='ocrx_word' id='word_1_117' title='bbox 1285 1604 1475 1686; x_wconf 86' lang='lat' dir='ltr'>dispertitur</span> 
     </span>
     <span class='ocr_line' id='line_1_14' title="bbox 166 1700 1475 1789; baseline 0.002 -26"><span class='ocrx_word' id='word_1_118' title='bbox 166 1702 200 1764; x_wconf 92' lang='lat' dir='ltr'>in</span> <span class='ocrx_word' id='word_1_119' title='bbox 222 1705 330 1785; x_wconf 88' lang='lat' dir='ltr'>partes</span> <span class='ocrx_word' id='word_1_120' title='bbox 354 1706 434 1766; x_wconf 86' lang='lat' dir='ltr'>tres:</span> <span class='ocrx_word' id='word_1_121' title='bbox 460 1700 494 1789; x_wconf 89' lang='grc'>1)</span> <span class='ocrx_word' id='word_1_122' title='bbox 517 1701 648 1784; x_wconf 90' lang='lat' dir='ltr'>Python</span> <span class='ocrx_word' id='word_1_123' title='bbox 671 1702 877 1786; x_wconf 87' lang='lat' dir='ltr'>interficitur,</span> <span class='ocrx_word' id='word_1_124' title='bbox 900 1701 1030 1766; x_wconf 86' lang='lat' dir='ltr'>Themis</span> <span class='ocrx_word' id='word_1_125' title='bbox 1059 1703 1099 1766; x_wconf 94' lang='lat' dir='ltr'>ab</span> <span class='ocrx_word' id='word_1_126' title='bbox 1123 1702 1252 1766; x_wconf 89' lang='lat' dir='ltr'>oraculo</span> <span class='ocrx_word' id='word_1_127' title='bbox 1276 1706 1475 1787; x_wconf 79' lang='lat' dir='ltr'>removetur3</span> 
     </span>
    </p>
   </div>
   <div class='ocr_carea' id='block_1_3' title="bbox 68 1797 1476 1886">
    <p class='ocr_par' dir='ltr' id='par_1_4' title="bbox 68 1797 1476 1886">
     <span class='ocr_line' id='line_1_15' title="bbox 68 1797 1476 1886; baseline -0.001 -23"><span class='ocrx_word' id='word_1_128' title='bbox 68 1876 70 1880; x_wconf 6' lang='grc' dir='ltr'><em>μ</em></span> <span class='ocrx_word' id='word_1_129' title='bbox 166 1797 202 1886; x_wconf 72' lang='grc'>2)</span> <span class='ocrx_word' id='word_1_130' title='bbox 226 1800 312 1864; x_wconf 81' lang='lat' dir='ltr'>victa</span> <span class='ocrx_word' id='word_1_131' title='bbox 334 1799 433 1864; x_wconf 89' lang='lat' dir='ltr'>Terra</span> <span class='ocrx_word' id='word_1_132' title='bbox 456 1798 592 1863; x_wconf 84' lang='lat' dir='ltr'>rebellat</span> <span class='ocrx_word' id='word_1_133' title='bbox 615 1804 808 1883; x_wconf 88' lang='lat' dir='ltr'>superatque</span> <span class='ocrx_word' id='word_1_134' title='bbox 831 1797 1031 1885; x_wconf 79' lang='lat' dir='ltr'>Apollinem3</span> <span class='ocrx_word' id='word_1_135' title='bbox 1059 1798 1094 1885; x_wconf 89' lang='lat'>3)</span> <span class='ocrx_word' id='word_1_136' title='bbox 1118 1799 1264 1885; x_wconf 90' lang='lat' dir='ltr'>luppiter</span> <span class='ocrx_word' id='word_1_137' title='bbox 1292 1822 1361 1864; x_wconf 91' lang='lat' dir='ltr'>eam</span> <span class='ocrx_word' id='word_1_138' title='bbox 1386 1800 1476 1864; x_wconf 89' lang='lat' dir='ltr'>sedat</span> 
     </span>
    </p>
   </div>
   <div class='ocr_carea' id='block_1_4' title="bbox 165 1895 1477 2568">
    <p class='ocr_par' dir='ltr' id='par_1_5' title="bbox 165 1895 1477 2568">
     <span class='ocr_line' id='line_1_16' title="bbox 165 1895 1475 1982; baseline 0.001 -22"><span class='ocrx_word' id='word_1_139' title='bbox 165 1895 415 1981; x_wconf 83' lang='lat' dir='ltr'>Apollinemque</span> <span class='ocrx_word' id='word_1_140' title='bbox 439 1897 590 1961; x_wconf 87' lang='lat' dir='ltr'>restituit.</span> <span class='ocrx_word' id='word_1_141' title='bbox 628 1896 737 1960; x_wconf 90' lang='lat' dir='ltr'>Prima</span> <span class='ocrx_word' id='word_1_142' title='bbox 760 1900 851 1980; x_wconf 88' lang='lat' dir='ltr'>parte</span> <span class='ocrx_word' id='word_1_143' title='bbox 876 1897 955 1961; x_wconf 91' lang='lat' dir='ltr'>duae</span> <span class='ocrx_word' id='word_1_144' title='bbox 975 1897 1215 1982; x_wconf 83' lang='lat' dir='ltr'>coniunguntur</span> <span class='ocrx_word' id='word_1_145' title='bbox 1233 1898 1370 1981; x_wconf 84' lang='lat' dir='ltr'>fabulae,</span> <span class='ocrx_word' id='word_1_146' title='bbox 1394 1920 1475 1981; x_wconf 88' lang='lat' dir='ltr'>quae</span> 
     </span>
     <span class='ocr_line' id='line_1_17' title="bbox 167 1991 1475 2082; baseline 0 -24"><span class='ocrx_word' id='word_1_147' title='bbox 167 1995 297 2078; x_wconf 90' lang='lat' dir='ltr'>proprie</span> <span class='ocrx_word' id='word_1_148' title='bbox 317 1995 449 2059; x_wconf 91' lang='lat' dir='ltr'>eandem</span> <span class='ocrx_word' id='word_1_149' title='bbox 465 2018 532 2058; x_wconf 90' lang='lat' dir='ltr'>rem</span> <span class='ocrx_word' id='word_1_150' title='bbox 548 1994 742 2078; x_wconf 83' lang='lat' dir='ltr'>exprimunt,</span> <span class='ocrx_word' id='word_1_151' title='bbox 760 1991 951 2078; x_wconf 89' lang='lat' dir='ltr'>Apollineae</span> <span class='ocrx_word' id='word_1_152' title='bbox 970 1995 1094 2060; x_wconf 89' lang='lat' dir='ltr'>scilicet</span> <span class='ocrx_word' id='word_1_153' title='bbox 1112 1995 1279 2082; x_wconf 85' lang='lat' dir='ltr'>religionis</span> <span class='ocrx_word' id='word_1_154' title='bbox 1294 1996 1475 2080; x_wconf 81' lang='lat' dir='ltr'>victoriam3</span> 
     </span>
     <span class='ocr_line' id='line_1_18' title="bbox 167 2091 1476 2178; baseline 0.002 -24"><span class='ocrx_word' id='word_1_155' title='bbox 167 2093 200 2155; x_wconf 93' lang='lat' dir='ltr'>id</span> <span class='ocrx_word' id='word_1_156' title='bbox 225 2093 320 2178; x_wconf 88' lang='lat' dir='ltr'>quod,</span> <span class='ocrx_word' id='word_1_157' title='bbox 345 2096 501 2177; x_wconf 88' lang='lat' dir='ltr'>quantum</span> <span class='ocrx_word' id='word_1_158' title='bbox 526 2093 606 2177; x_wconf 89' lang='lat' dir='ltr'>scio,</span> <span class='ocrx_word' id='word_1_159' title='bbox 629 2091 693 2156; x_wconf 91' lang='lat' dir='ltr'>alio</span> <span class='ocrx_word' id='word_1_160' title='bbox 717 2091 788 2156; x_wconf 89' lang='lat' dir='ltr'>loco</span> <span class='ocrx_word' id='word_1_161' title='bbox 812 2113 878 2157; x_wconf 91' lang='lat' dir='ltr'>non</span> <span class='ocrx_word' id='word_1_162' title='bbox 901 2094 1069 2176; x_wconf 84' lang='lat' dir='ltr'>reperitur.</span> <span class='ocrx_word' id='word_1_163' title='bbox 1114 2092 1199 2157; x_wconf 88' lang='lat' dir='ltr'>Illud</span> <span class='ocrx_word' id='word_1_164' title='bbox 1224 2116 1351 2178; x_wconf 94' lang='lat' dir='ltr'>quoque</span> <span class='ocrx_word' id='word_1_165' title='bbox 1379 2094 1476 2157; x_wconf 91' lang='lat' dir='ltr'>adno-</span> 
     </span>
     <span class='ocr_line' id='line_1_19' title="bbox 167 2189 1474 2275; baseline 0.002 -22"><span class='ocrx_word' id='word_1_166' title='bbox 167 2191 300 2254; x_wconf 90' lang='lat' dir='ltr'>tandum</span> <span class='ocrx_word' id='word_1_167' title='bbox 324 2191 410 2272; x_wconf 89' lang='lat' dir='ltr'>apud</span> <span class='ocrx_word' id='word_1_168' title='bbox 432 2189 630 2274; x_wconf 88' lang='lat' dir='ltr'>Aeschylum</span> <span class='ocrx_word' id='word_1_169' title='bbox 654 2193 687 2254; x_wconf 93' lang='lat' dir='ltr'>et</span> <span class='ocrx_word' id='word_1_170' title='bbox 712 2189 906 2254; x_wconf 86' lang='lat' dir='ltr'>Pausaniam</span> <span class='ocrx_word' id='word_1_171' title='bbox 935 2213 994 2255; x_wconf 90' lang='lat' dir='ltr'>nec</span> <span class='ocrx_word' id='word_1_172' title='bbox 1022 2191 1128 2255; x_wconf 92' lang='lat' dir='ltr'>minus</span> <span class='ocrx_word' id='word_1_173' title='bbox 1156 2191 1190 2254; x_wconf 93' lang='lat' dir='ltr'>in</span> <span class='ocrx_word' id='word_1_174' title='bbox 1218 2191 1324 2275; x_wconf 92' lang='lat' dir='ltr'>primo</span> <span class='ocrx_word' id='word_1_175' title='bbox 1353 2191 1474 2274; x_wconf 89' lang='lat' dir='ltr'>hymno</span> 
     </span>
     <span class='ocr_line' id='line_1_20' title="bbox 167 2286 1475 2373; baseline 0.001 -22"><span class='ocrx_word' id='word_1_176' title='bbox 167 2288 325 2371; x_wconf 90' lang='lat' dir='ltr'>Delphico</span> <span class='ocrx_word' id='word_1_177' title='bbox 349 2286 534 2372; x_wconf 91' lang='lat' dir='ltr'>Apollinem</span> <span class='ocrx_word' id='word_1_178' title='bbox 558 2288 628 2351; x_wconf 92' lang='lat' dir='ltr'>sine</span> <span class='ocrx_word' id='word_1_179' title='bbox 650 2287 717 2352; x_wconf 92' lang='lat' dir='ltr'>ullo</span> <span class='ocrx_word' id='word_1_180' title='bbox 746 2287 831 2351; x_wconf 85' lang='lat' dir='ltr'>bello</span> <span class='ocrx_word' id='word_1_181' title='bbox 855 2287 971 2353; x_wconf 87' lang='lat' dir='ltr'>Terrae</span> <span class='ocrx_word' id='word_1_182' title='bbox 995 2290 1125 2353; x_wconf 88' lang='lat' dir='ltr'>filiabus</span> <span class='ocrx_word' id='word_1_183' title='bbox 1148 2289 1329 2373; x_wconf 88' lang='lat' dir='ltr'>succedere,</span> <span class='ocrx_word' id='word_1_184' title='bbox 1353 2289 1387 2353; x_wconf 90' lang='lat' dir='ltr'>in</span> <span class='ocrx_word' id='word_1_185' title='bbox 1410 2311 1475 2353; x_wconf 91' lang='lat' dir='ltr'>car-</span> 
     </span>
     <span class='ocr_line' id='line_1_21' title="bbox 167 2384 1477 2474; baseline 0.001 -25"><span class='ocrx_word' id='word_1_186' title='bbox 167 2387 253 2450; x_wconf 90' lang='lat' dir='ltr'>mine</span> <span class='ocrx_word' id='word_1_187' title='bbox 282 2390 389 2450; x_wconf 88' lang='lat' dir='ltr'>autem</span> <span class='ocrx_word' id='word_1_188' title='bbox 417 2386 595 2470; x_wconf 78' lang='lat' dir='ltr'>Euripidae</span> <span class='ocrx_word' id='word_1_189' title='bbox 624 2385 774 2449; x_wconf 86' lang='lat' dir='ltr'>videlicet</span> <span class='ocrx_word' id='word_1_190' title='bbox 801 2387 833 2449; x_wconf 85' lang='lat' dir='ltr'>vi</span> <span class='ocrx_word' id='word_1_191' title='bbox 861 2388 1019 2451; x_wconf 85' lang='lat' dir='ltr'>removeri</span> <span class='ocrx_word' id='word_1_192' title='bbox 1047 2384 1276 2474; x_wconf 61' lang='grc' dir='ltr'><strong>Τ111111111111).</strong></span> <span class='ocrx_word' id='word_1_193' title='bbox 1324 2384 1477 2470; x_wconf 83' lang='lat' dir='ltr'>Sequitur</span> 
     </span>
     <span class='ocr_line' id='line_1_22' title="bbox 167 2482 1475 2568; baseline 0 -20"><span class='ocrx_word' id='word_1_194' title='bbox 167 2488 258 2568; x_wconf 86' lang='lat' dir='ltr'>parte</span> <span class='ocrx_word' id='word_1_195' title='bbox 282 2485 383 2548; x_wconf 90' lang='lat' dir='ltr'>altera</span> <span class='ocrx_word' id='word_1_196' title='bbox 405 2484 522 2548; x_wconf 87' lang='lat' dir='ltr'>Terrae</span> <span class='ocrx_word' id='word_1_197' title='bbox 545 2484 687 2548; x_wconf 90' lang='lat' dir='ltr'>rebellio.</span> <span class='ocrx_word' id='word_1_198' title='bbox 735 2483 865 2548; x_wconf 83' lang='lat' dir='ltr'>Chthon</span> <span class='ocrx_word' id='word_1_199' title='bbox 889 2485 1011 2548; x_wconf 89' lang='lat' dir='ltr'>emittit</span> <span class='ocrx_word' id='word_1_200' title='bbox 1034 2485 1203 2567; x_wconf 87' lang='lat' dir='ltr'>phasmata</span> <span class='ocrx_word' id='word_1_201' title='bbox 1232 2506 1290 2549; x_wconf 91' lang='lat' dir='ltr'>sua</span> <span class='ocrx_word' id='word_1_202' title='bbox 1312 2482 1475 2568; x_wconf 89' lang='lat' dir='ltr'>Apollinis</span> 
     </span>
    </p>
   </div>
   <div class='ocr_carea' id='block_1_5' title="bbox 167 2581 1477 3256">
    <p class='ocr_par' dir='ltr' id='par_1_6' title="bbox 167 2581 1477 3256">
     <span class='ocr_line' id='line_1_23' title="bbox 168 2581 1477 2667; baseline -0.002 -21"><span class='ocrx_word' id='word_1_203' title='bbox 168 2583 269 2646; x_wconf 91' lang='lat' dir='ltr'>cultui</span> <span class='ocrx_word' id='word_1_204' title='bbox 293 2583 425 2666; x_wconf 88' lang='lat' dir='ltr'>eiusque</span> <span class='ocrx_word' id='word_1_205' title='bbox 448 2582 644 2646; x_wconf 84' lang='lat' dir='ltr'>vaticinandi</span> <span class='ocrx_word' id='word_1_206' title='bbox 672 2583 735 2646; x_wconf 88' lang='lat' dir='ltr'>arti</span> <span class='ocrx_word' id='word_1_207' title='bbox 763 2581 902 2646; x_wconf 85' lang='lat' dir='ltr'>maxime</span> <span class='ocrx_word' id='word_1_208' title='bbox 926 2582 1055 2667; x_wconf 84' lang='lat' dir='ltr'>infesta,</span> <span class='ocrx_word' id='word_1_209' title='bbox 1085 2604 1165 2666; x_wconf 91' lang='lat' dir='ltr'>quae</span> <span class='ocrx_word' id='word_1_210' title='bbox 1189 2604 1246 2665; x_wconf 91' lang='lat' dir='ltr'>per</span> <span class='ocrx_word' id='word_1_211' title='bbox 1274 2581 1398 2646; x_wconf 90' lang='lat' dir='ltr'>somnia</span> <span class='ocrx_word' id='word_1_212' title='bbox 1421 2582 1477 2645; x_wconf 95' lang='lat' dir='ltr'>ho-</span> 
     </span>
     <span class='ocr_line' id='line_1_24' title="bbox 169 2677 1477 2766; baseline 0.001 -23"><span class='ocrx_word' id='word_1_213' title='bbox 169 2681 311 2744; x_wconf 89' lang='lat' dir='ltr'>minibus</span> <span class='ocrx_word' id='word_1_214' title='bbox 330 2686 506 2764; x_wconf 90' lang='lat' dir='ltr'>appareant</span> <span class='ocrx_word' id='word_1_215' title='bbox 524 2684 621 2765; x_wconf 89' lang='lat' dir='ltr'>atque</span> <span class='ocrx_word' id='word_1_216' title='bbox 636 2681 778 2744; x_wconf 92' lang='lat' dir='ltr'>indicent</span> <span class='ocrx_word' id='word_1_217' title='bbox 792 2681 945 2744; x_wconf 85' lang='lat' dir='ltr'>futurum.</span> <span class='ocrx_word' id='word_1_218' title='bbox 983 2680 1065 2743; x_wconf 93' lang='lat' dir='ltr'>Tum</span> <span class='ocrx_word' id='word_1_219' title='bbox 1085 2680 1156 2764; x_wconf 91' lang='lat' dir='ltr'>ipsa</span> <span class='ocrx_word' id='word_1_220' title='bbox 1174 2679 1273 2744; x_wconf 88' lang='lat' dir='ltr'>Terra</span> <span class='ocrx_word' id='word_1_221' title='bbox 1287 2677 1402 2766; x_wconf 83' lang='grc' dir='ltr'>(Γαῖα)</span> <span class='ocrx_word' id='word_1_222' title='bbox 1426 2680 1477 2744; x_wconf 91' lang='lat' dir='ltr'>de-</span> 
     </span>
     <span class='ocr_line' id='line_1_25' title="bbox 167 2777 1475 2863; baseline 0 -21"><span class='ocrx_word' id='word_1_223' title='bbox 167 2779 267 2842; x_wconf 89' lang='lat' dir='ltr'>clarat</span> <span class='ocrx_word' id='word_1_224' title='bbox 303 2783 497 2863; x_wconf 90' lang='lat' dir='ltr'>potestatem</span> <span class='ocrx_word' id='word_1_225' title='bbox 538 2802 628 2843; x_wconf 88' lang='lat' dir='ltr'>suam</span> <span class='ocrx_word' id='word_1_226' title='bbox 666 2783 762 2863; x_wconf 89' lang='lat' dir='ltr'>atque</span> <span class='ocrx_word' id='word_1_227' title='bbox 800 2779 914 2843; x_wconf 90' lang='lat' dir='ltr'>adimit</span> <span class='ocrx_word' id='word_1_228' title='bbox 949 2779 1089 2843; x_wconf 81' lang='lat' dir='ltr'>advenae</span> <span class='ocrx_word' id='word_1_229' title='bbox 1128 2777 1293 2842; x_wconf 82' lang='lat' dir='ltr'>divinandi</span> <span class='ocrx_word' id='word_1_230' title='bbox 1329 2778 1475 2842; x_wconf 91' lang='lat' dir='ltr'>honores.</span> 
     </span>
     <span class='ocr_line' id='line_1_26' title="bbox 168 2875 1476 2962; baseline -0.001 -22"><span class='ocrx_word' id='word_1_231' title='bbox 168 2876 363 2941; x_wconf 84' lang='lat' dir='ltr'>Monendum</span> <span class='ocrx_word' id='word_1_232' title='bbox 387 2882 484 2962; x_wconf 89' lang='lat' dir='ltr'>atque</span> <span class='ocrx_word' id='word_1_233' title='bbox 515 2878 723 2960; x_wconf 89' lang='lat' dir='ltr'>premendum</span> <span class='ocrx_word' id='word_1_234' title='bbox 748 2882 796 2941; x_wconf 91' lang='lat' dir='ltr'>est</span> <span class='ocrx_word' id='word_1_235' title='bbox 823 2898 889 2942; x_wconf 91' lang='lat' dir='ltr'>non</span> <span class='ocrx_word' id='word_1_236' title='bbox 919 2877 988 2941; x_wconf 90' lang='lat' dir='ltr'>sine</span> <span class='ocrx_word' id='word_1_237' title='bbox 1021 2898 1115 2940; x_wconf 89' lang='lat' dir='ltr'>causa</span> <span class='ocrx_word' id='word_1_238' title='bbox 1143 2875 1274 2940; x_wconf 89' lang='lat' dir='ltr'>Terram</span> <span class='ocrx_word' id='word_1_239' title='bbox 1306 2876 1409 2960; x_wconf 91' lang='lat' dir='ltr'>ipsam</span> <span class='ocrx_word' id='word_1_240' title='bbox 1434 2914 1476 2922; x_wconf 97' lang='lat'><strong>—</strong></span> 
     </span>
     <span class='ocr_line' id='line_1_27' title="bbox 169 2972 1477 3061; baseline -0.002 -23"><span class='ocrx_word' id='word_1_241' title='bbox 169 2973 286 3038; x_wconf 74' lang='lat' dir='ltr'>(laeam</span> <span class='ocrx_word' id='word_1_242' title='bbox 311 3012 353 3021; x_wconf 94' lang='lat'>-</span> <span class='ocrx_word' id='word_1_243' title='bbox 376 2974 563 3058; x_wconf 89' lang='lat' dir='ltr'>Apollinem</span> <span class='ocrx_word' id='word_1_244' title='bbox 587 2976 726 3061; x_wconf 83' lang='lat' dir='ltr'>vincere;</span> <span class='ocrx_word' id='word_1_245' title='bbox 755 2998 829 3039; x_wconf 87' lang='lat' dir='ltr'>nam</span> <span class='ocrx_word' id='word_1_246' title='bbox 858 2975 914 3039; x_wconf 92' lang='lat' dir='ltr'>illa</span> <span class='ocrx_word' id='word_1_247' title='bbox 941 2976 1123 3060; x_wconf 72' lang='grc' dir='ltr'><em>παμμήτωρ</em></span> <span class='ocrx_word' id='word_1_248' title='bbox 1152 2975 1237 3038; x_wconf 90' lang='lat' dir='ltr'>inter</span> <span class='ocrx_word' id='word_1_249' title='bbox 1265 2972 1396 3057; x_wconf 89' lang='lat' dir='ltr'>Olympi</span> <span class='ocrx_word' id='word_1_250' title='bbox 1424 2975 1477 3037; x_wconf 93' lang='lat' dir='ltr'>ad-</span> 
     </span>
     <span class='ocr_line' id='line_1_28' title="bbox 167 3071 1477 3157; baseline -0.001 -20"><span class='ocrx_word' id='word_1_251' title='bbox 167 3073 325 3137; x_wconf 82' lang='lat' dir='ltr'>versarios</span> <span class='ocrx_word' id='word_1_252' title='bbox 349 3095 510 3136; x_wconf 88' lang='lat' dir='ltr'>summum</span> <span class='ocrx_word' id='word_1_253' title='bbox 535 3073 660 3136; x_wconf 90' lang='lat' dir='ltr'>obtinet</span> <span class='ocrx_word' id='word_1_254' title='bbox 679 3074 794 3157; x_wconf 90' lang='lat' dir='ltr'>locum,</span> <span class='ocrx_word' id='word_1_255' title='bbox 818 3073 869 3137; x_wconf 87' lang='lat' dir='ltr'>vel</span> <span class='ocrx_word' id='word_1_256' title='bbox 888 3072 997 3155; x_wconf 89' lang='lat' dir='ltr'>potius</span> <span class='ocrx_word' id='word_1_257' title='bbox 1017 3092 1071 3135; x_wconf 91' lang='lat' dir='ltr'>eos</span> <span class='ocrx_word' id='word_1_258' title='bbox 1091 3093 1201 3134; x_wconf 89' lang='lat' dir='ltr'>omnes</span> <span class='ocrx_word' id='word_1_259' title='bbox 1222 3071 1255 3134; x_wconf 89' lang='lat' dir='ltr'>in</span> <span class='ocrx_word' id='word_1_260' title='bbox 1276 3093 1309 3135; x_wconf 89' lang='lat' dir='ltr'>se</span> <span class='ocrx_word' id='word_1_261' title='bbox 1333 3071 1477 3136; x_wconf 91' lang='lat' dir='ltr'>continet</span> 
     </span>
     <span class='ocr_line' id='line_1_29' title="bbox 167 3167 1476 3256; baseline -0.002 -22"><span class='ocrx_word' id='word_1_262' title='bbox 167 3174 264 3253; x_wconf 89' lang='lat' dir='ltr'>atque</span> <span class='ocrx_word' id='word_1_263' title='bbox 279 3170 448 3255; x_wconf 83' lang='lat' dir='ltr'>coniungit</span> <span class='ocrx_word' id='word_1_264' title='bbox 454 3168 489 3256; x_wconf 81' lang='lat'>³).</span> <span class='ocrx_word' id='word_1_265' title='bbox 517 3169 610 3234; x_wconf 91' lang='lat' dir='ltr'>Unus</span> <span class='ocrx_word' id='word_1_266' title='bbox 625 3170 762 3253; x_wconf 88' lang='lat' dir='ltr'>denique</span> <span class='ocrx_word' id='word_1_267' title='bbox 776 3173 878 3234; x_wconf 87' lang='lat' dir='ltr'>restat</span> <span class='ocrx_word' id='word_1_268' title='bbox 896 3169 973 3233; x_wconf 91' lang='lat' dir='ltr'>deus</span> <span class='ocrx_word' id='word_1_269' title='bbox 988 3169 1147 3232; x_wconf 87' lang='lat' dir='ltr'>maximus</span> <span class='ocrx_word' id='word_1_270' title='bbox 1163 3168 1306 3252; x_wconf 88' lang='lat' dir='ltr'>optimus</span> <span class='ocrx_word' id='word_1_271' title='bbox 1320 3167 1476 3253; x_wconf 92' lang='lat' dir='ltr'>Iuppiter,</span> 
     </span>
    </p>
   </div>
   <div class='ocr_carea' id='block_1_6' title="bbox 166 3396 1478 4832">
    <p class='ocr_par' dir='ltr' id='par_1_7' title="bbox 258 3396 1475 3470">
     <span class='ocr_line' id='line_1_30' title="bbox 258 3396 1475 3470; baseline 0 -18"><span class='ocrx_word' id='word_1_272' title='bbox 258 3402 283 3470; x_wconf 91' lang='lat'>1)</span> <span class='ocrx_word' id='word_1_273' title='bbox 295 3396 401 3453; x_wconf 81' lang='lat' dir='ltr'>Cereris</span> <span class='ocrx_word' id='word_1_274' title='bbox 414 3396 535 3468; x_wconf 82' lang='grc' dir='ltr'><em>Θεσμίας</em></span> <span class='ocrx_word' id='word_1_275' title='bbox 550 3399 694 3453; x_wconf 86' lang='lat' dir='ltr'>cuiusdam</span> <span class='ocrx_word' id='word_1_276' title='bbox 711 3397 847 3468; x_wconf 89' lang='lat' dir='ltr'>templum</span> <span class='ocrx_word' id='word_1_277' title='bbox 859 3400 1093 3452; x_wconf 90' lang='lat' dir='ltr'>commemoratur</span> <span class='ocrx_word' id='word_1_278' title='bbox 1108 3396 1184 3466; x_wconf 87' lang='lat' dir='ltr'>apud</span> <span class='ocrx_word' id='word_1_279' title='bbox 1196 3397 1316 3451; x_wconf 89' lang='lat' dir='ltr'>Pausan.</span> <span class='ocrx_word' id='word_1_280' title='bbox 1327 3397 1392 3450; x_wconf 87' lang='lat' dir='ltr'><strong>VIII</strong></span> <span class='ocrx_word' id='word_1_281' title='bbox 1402 3402 1442 3464; x_wconf 79' lang='lat'>15,</span> <span class='ocrx_word' id='word_1_282' title='bbox 1451 3402 1475 3453; x_wconf 84' lang='lat'>4.</span> 
     </span>
    </p>

    <p class='ocr_par' dir='ltr' id='par_1_8' title="bbox 166 3475 1478 4029">
     <span class='ocr_line' id='line_1_31' title="bbox 257 3475 1476 3550; baseline -0.002 -17"><span class='ocrx_word' id='word_1_283' title='bbox 257 3484 283 3550; x_wconf 86' lang='grc'>2)</span> <span class='ocrx_word' id='word_1_284' title='bbox 302 3478 419 3547; x_wconf 91' lang='lat' dir='ltr'>Aliquid</span> <span class='ocrx_word' id='word_1_285' title='bbox 439 3478 531 3533; x_wconf 90' lang='lat' dir='ltr'>simile</span> <span class='ocrx_word' id='word_1_286' title='bbox 549 3479 625 3533; x_wconf 90' lang='lat' dir='ltr'>inest</span> <span class='ocrx_word' id='word_1_287' title='bbox 639 3480 723 3534; x_wconf 82' lang='lat' dir='ltr'>schol.</span> <span class='ocrx_word' id='word_1_288' title='bbox 739 3480 838 3534; x_wconf 87' lang='lat' dir='ltr'>Aesch.</span> <span class='ocrx_word' id='word_1_289' title='bbox 855 3479 933 3533; x_wconf 85' lang='lat' dir='ltr'>Eum.</span> <span class='ocrx_word' id='word_1_290' title='bbox 950 3485 979 3533; x_wconf 80' lang='lat'>2:</span> <span class='ocrx_word' id='word_1_291' title='bbox 1000 3475 1143 3545; x_wconf 77' lang='grc' dir='ltr'><strong><em>Πίνδαρός</em></strong></span> <span class='ocrx_word' id='word_1_292' title='bbox 1158 3495 1226 3547; x_wconf 81' lang='grc' dir='ltr'><em>φησι</em></span> <span class='ocrx_word' id='word_1_293' title='bbox 1240 3477 1310 3545; x_wconf 82' lang='grc' dir='ltr'><strong>πρὸς</strong></span> <span class='ocrx_word' id='word_1_294' title='bbox 1329 3475 1394 3548; x_wconf 80' lang='grc' dir='ltr'><strong><em>βίαν</em></strong></span> <span class='ocrx_word' id='word_1_295' title='bbox 1409 3498 1476 3545; x_wconf 76' lang='grc' dir='ltr'><strong><em>κρα-</em></strong></span> 
     </span>
     <span class='ocr_line' id='line_1_32' title="bbox 166 3556 1476 3630; baseline -0.004 -17"><span class='ocrx_word' id='word_1_296' title='bbox 166 3569 247 3630; x_wconf 83' lang='grc' dir='ltr'><strong><em>τῆσαι</em></strong></span> <span class='ocrx_word' id='word_1_297' title='bbox 268 3563 386 3622; x_wconf 79' lang='grc' dir='ltr'><em>Πυθοῦς</em></span> <span class='ocrx_word' id='word_1_298' title='bbox 403 3560 454 3614; x_wconf 80' lang='grc' dir='ltr'>τὸν</span> <span class='ocrx_word' id='word_1_299' title='bbox 469 3558 636 3615; x_wconf 74' lang='grc' dir='ltr'>Ἀπόλλωνα</span> <span class='ocrx_word' id='word_1_300' title='bbox 656 3560 701 3614; x_wconf 77' lang='grc' dir='ltr'>διὸ</span> <span class='ocrx_word' id='word_1_301' title='bbox 721 3562 769 3614; x_wconf 77' lang='grc' dir='ltr'>καὶ</span> <span class='ocrx_word' id='word_1_302' title='bbox 787 3568 962 3627; x_wconf 65' lang='lat' dir='ltr'>reprobaras</span> <span class='ocrx_word' id='word_1_303' title='bbox 977 3557 1063 3612; x_wconf 80' lang='grc' dir='ltr'><strong><em>αὐτὸν</em></strong></span> <span class='ocrx_word' id='word_1_304' title='bbox 1078 3557 1165 3625; x_wconf 78' lang='grc' dir='ltr'><strong><em>ἐζήτει</em></strong></span> <span class='ocrx_word' id='word_1_305' title='bbox 1180 3557 1197 3626; x_wconf 84' lang='grc'>1)</span> <span class='ocrx_word' id='word_1_306' title='bbox 1218 3560 1267 3626; x_wconf 85' lang='grc' dir='ltr'>Γῆ,</span> <span class='ocrx_word' id='word_1_307' title='bbox 1297 3556 1351 3609; x_wconf 87' lang='grc' dir='ltr'>Η11</span> <span class='ocrx_word' id='word_1_308' title='bbox 1365 3572 1476 3624; x_wconf 90' lang='lat' dir='ltr'>quoque</span> 
     </span>
     <span class='ocr_line' id='line_1_33' title="bbox 168 3636 1476 3709; baseline -0.002 -17"><span class='ocrx_word' id='word_1_309' title='bbox 168 3640 254 3692; x_wconf 88' lang='lat' dir='ltr'>Terra</span> <span class='ocrx_word' id='word_1_310' title='bbox 273 3642 370 3693; x_wconf 88' lang='lat' dir='ltr'>contra</span> <span class='ocrx_word' id='word_1_311' title='bbox 389 3639 550 3709; x_wconf 91' lang='lat' dir='ltr'>Apollinem</span> <span class='ocrx_word' id='word_1_312' title='bbox 569 3640 696 3694; x_wconf 90' lang='lat' dir='ltr'>rebellat.</span> <span class='ocrx_word' id='word_1_313' title='bbox 726 3639 894 3708; x_wconf 67' lang='lat' dir='ltr'>ceteroquin</span> <span class='ocrx_word' id='word_1_314' title='bbox 907 3638 986 3691; x_wconf 89' lang='lat' dir='ltr'>haud</span> <span class='ocrx_word' id='word_1_315' title='bbox 1005 3654 1084 3691; x_wconf 89' lang='lat' dir='ltr'>secus</span> <span class='ocrx_word' id='word_1_316' title='bbox 1099 3636 1293 3706; x_wconf 85' lang='lat' dir='ltr'>intellegenda</span> <span class='ocrx_word' id='word_1_317' title='bbox 1312 3638 1385 3702; x_wconf 81' lang='lat' dir='ltr'>sunt,</span> <span class='ocrx_word' id='word_1_318' title='bbox 1404 3652 1476 3704; x_wconf 88' lang='lat' dir='ltr'>quae</span> 
     </span>
     <span class='ocr_line' id='line_1_34' title="bbox 169 3718 1478 3789; baseline -0.002 -18"><span class='ocrx_word' id='word_1_319' title='bbox 169 3719 279 3772; x_wconf 85' lang='lat' dir='ltr'>Servius</span> <span class='ocrx_word' id='word_1_320' title='bbox 298 3721 335 3772; x_wconf 88' lang='lat' dir='ltr'>ad</span> <span class='ocrx_word' id='word_1_321' title='bbox 353 3719 436 3789; x_wconf 82' lang='lat' dir='ltr'>Verg.</span> <span class='ocrx_word' id='word_1_322' title='bbox 457 3720 525 3774; x_wconf 93' lang='lat' dir='ltr'>Aen.</span> <span class='ocrx_word' id='word_1_323' title='bbox 541 3719 579 3773; x_wconf 90' lang='lat' dir='ltr'>VI</span> <span class='ocrx_word' id='word_1_324' title='bbox 594 3726 646 3773; x_wconf 85' lang='lat'>580</span> <span class='ocrx_word' id='word_1_325' title='bbox 664 3720 782 3789; x_wconf 83' lang='lat' dir='ltr'>profert:</span> <span class='ocrx_word' id='word_1_326' title='bbox 803 3726 846 3786; x_wconf 83' lang='lat' dir='ltr'>„et</span> <span class='ocrx_word' id='word_1_327' title='bbox 858 3720 953 3787; x_wconf 75' lang='lat' dir='ltr'>ferant</span> <span class='ocrx_word' id='word_1_328' title='bbox 965 3719 1078 3786; x_wconf 78' lang='lat' dir='ltr'>fabulae</span> <span class='ocrx_word' id='word_1_329' title='bbox 1094 3719 1211 3772; x_wconf 76' lang='lat' dir='ltr'>Titanos</span> <span class='ocrx_word' id='word_1_330' title='bbox 1225 3719 1259 3771; x_wconf 84' lang='lat' dir='ltr'>ab</span> <span class='ocrx_word' id='word_1_331' title='bbox 1275 3718 1368 3771; x_wconf 81' lang='lat' dir='ltr'>irato</span> <span class='ocrx_word' id='word_1_332' title='bbox 1381 3722 1478 3770; x_wconf 78' lang='grc'><strong>1111111</strong></span> 
     </span>
     <span class='ocr_line' id='line_1_35' title="bbox 170 3795 1477 3866; baseline -0.002 -13"><span class='ocrx_word' id='word_1_333' title='bbox 170 3801 232 3853; x_wconf 82' lang='lat' dir='ltr'>deoc</span> <span class='ocrx_word' id='word_1_334' title='bbox 253 3800 338 3854; x_wconf 86' lang='lat' dir='ltr'>Terra</span> <span class='ocrx_word' id='word_1_335' title='bbox 357 3800 394 3853; x_wconf 83' lang='lat' dir='ltr'>ad</span> <span class='ocrx_word' id='word_1_336' title='bbox 412 3800 471 3853; x_wconf 79' lang='lat' dir='ltr'>eius</span> <span class='ocrx_word' id='word_1_337' title='bbox 488 3800 619 3854; x_wconf 76' lang='lat' dir='ltr'>altionem</span> <span class='ocrx_word' id='word_1_338' title='bbox 637 3802 839 3866; x_wconf 63' lang='lat' dir='ltr'>accrescendo</span> <span class='ocrx_word' id='word_1_339' title='bbox 857 3806 882 3854; x_wconf 81' lang='lat' dir='ltr'>et</span> <span class='ocrx_word' id='word_1_340' title='bbox 907 3800 1019 3853; x_wconf 74' lang='lat' dir='ltr'>Titanes</span> <span class='ocrx_word' id='word_1_341' title='bbox 1042 3799 1109 3852; x_wconf 77' lang='grc'><strong>111111</strong></span> <span class='ocrx_word' id='word_1_342' title='bbox 1134 3803 1199 3852; x_wconf 80' lang='lat' dir='ltr'>scat</span> <span class='ocrx_word' id='word_1_343' title='bbox 1222 3797 1278 3851; x_wconf 80' lang='grc' dir='ltr'>ἀπὸ</span> <span class='ocrx_word' id='word_1_344' title='bbox 1301 3805 1350 3866; x_wconf 80' lang='grc' dir='ltr'>τῆς</span> <span class='ocrx_word' id='word_1_345' title='bbox 1374 3795 1477 3864; x_wconf 81' lang='grc' dir='ltr'><strong><em>τίσεως,</em></strong></span> 
     </span>
     <span class='ocr_line' id='line_1_36' title="bbox 168 3877 1477 3947; baseline -0.001 -16"><span class='ocrx_word' id='word_1_346' title='bbox 168 3880 198 3933; x_wconf 80' lang='lat' dir='ltr'>r&#39;d</span> <span class='ocrx_word' id='word_1_347' title='bbox 216 3885 254 3933; x_wconf 83' lang='lat' dir='ltr'>est</span> <span class='ocrx_word' id='word_1_348' title='bbox 272 3880 307 3932; x_wconf 86' lang='lat' dir='ltr'>ab</span> <span class='ocrx_word' id='word_1_349' title='bbox 325 3880 455 3933; x_wconf 54' lang='lat' dir='ltr'>altiore(</span> <span class='ocrx_word' id='word_1_350' title='bbox 493 3879 627 3933; x_wconf 80' lang='lat' dir='ltr'>&#39;Titanum</span> <span class='ocrx_word' id='word_1_351' title='bbox 645 3896 757 3947; x_wconf 90' lang='lat' dir='ltr'>quoque</span> <span class='ocrx_word' id='word_1_352' title='bbox 774 3879 880 3933; x_wconf 91' lang='lat' dir='ltr'>bellum</span> <span class='ocrx_word' id='word_1_353' title='bbox 907 3882 1006 3933; x_wconf 90' lang='lat' dir='ltr'>contra</span> <span class='ocrx_word' id='word_1_354' title='bbox 1024 3879 1116 3932; x_wconf 91' lang='lat' dir='ltr'>Iovem</span> <span class='ocrx_word' id='word_1_355' title='bbox 1140 3880 1169 3931; x_wconf 91' lang='lat' dir='ltr'>et</span> <span class='ocrx_word' id='word_1_356' title='bbox 1193 3877 1343 3947; x_wconf 92' lang='lat' dir='ltr'>Olympum</span> <span class='ocrx_word' id='word_1_357' title='bbox 1366 3880 1477 3947; x_wconf 88' lang='lat' dir='ltr'>gestum</span> 
     </span>
     <span class='ocr_line' id='line_1_37' title="bbox 169 3958 1399 4029; baseline 0.002 -18"><span class='ocrx_word' id='word_1_358' title='bbox 169 3959 287 4012; x_wconf 88' lang='lat' dir='ltr'>duarum</span> <span class='ocrx_word' id='word_1_359' title='bbox 306 3958 475 4028; x_wconf 82' lang='lat' dir='ltr'>religionum</span> <span class='ocrx_word' id='word_1_360' title='bbox 493 3959 601 4013; x_wconf 90' lang='lat' dir='ltr'>bellum</span> <span class='ocrx_word' id='word_1_361' title='bbox 620 3959 778 4029; x_wconf 86' lang='lat' dir='ltr'>significare</span> <span class='ocrx_word' id='word_1_362' title='bbox 797 3962 880 4029; x_wconf 89' lang='lat' dir='ltr'>putat</span> <span class='ocrx_word' id='word_1_363' title='bbox 898 3959 1030 4013; x_wconf 84' lang='lat' dir='ltr'>Welcher</span> <span class='ocrx_word' id='word_1_364' title='bbox 1049 3958 1094 4013; x_wconf 88' lang='lat' dir='ltr'>Gr.</span> <span class='ocrx_word' id='word_1_365' title='bbox 1115 3958 1399 4025; x_wconf 63' lang='grc'><strong>(111111111265111.</strong></span> 
     </span>
    </p>

    <p class='ocr_par' dir='ltr' id='par_1_9' title="bbox 168 4038 1478 4832">
     <span class='ocr_line' id='line_1_38' title="bbox 258 4038 1478 4108; baseline -0.001 -17"><span class='ocrx_word' id='word_1_366' title='bbox 258 4044 285 4106; x_wconf 83' lang='lat'>3)</span> <span class='ocrx_word' id='word_1_367' title='bbox 305 4038 404 4105; x_wconf 89' lang='lat' dir='ltr'>Itaque</span> <span class='ocrx_word' id='word_1_368' title='bbox 422 4039 566 4093; x_wconf 85' lang='lat' dir='ltr'>refutandi</span> <span class='ocrx_word' id='word_1_369' title='bbox 585 4042 658 4106; x_wconf 82' lang='lat' dir='ltr'>sunt,</span> <span class='ocrx_word' id='word_1_370' title='bbox 678 4039 726 4108; x_wconf 90' lang='lat' dir='ltr'>qui</span> <span class='ocrx_word' id='word_1_371' title='bbox 745 4040 830 4093; x_wconf 86' lang='lat' dir='ltr'>verba</span> <span class='ocrx_word' id='word_1_372' title='bbox 850 4044 923 4092; x_wconf 88' lang='grc' dir='ltr'><strong><em>Γαῖα</em></strong></span> <span class='ocrx_word' id='word_1_373' title='bbox 943 4038 974 4092; x_wconf 71' lang='lat' dir='ltr'>dl</span> <span class='ocrx_word' id='word_1_374' title='bbox 992 4058 1017 4092; x_wconf 89' lang='grc'>1.</span> <span class='ocrx_word' id='word_1_375' title='bbox 1034 4044 1101 4093; x_wconf 86' lang='grc'><strong>1267</strong></span> <span class='ocrx_word' id='word_1_376' title='bbox 1121 4041 1230 4092; x_wconf 87' lang='lat' dir='ltr'>mutare</span> <span class='ocrx_word' id='word_1_377' title='bbox 1256 4038 1363 4092; x_wconf 84' lang='lat' dir='ltr'>volunt.</span> <span class='ocrx_word' id='word_1_378' title='bbox 1401 4038 1478 4092; x_wconf 91' lang='lat' dir='ltr'>Inter</span> 
     </span>
     <span class='ocr_line' id='line_1_39' title="bbox 169 4118 1477 4189; baseline -0.001 -17"><span class='ocrx_word' id='word_1_379' title='bbox 169 4136 238 4187; x_wconf 90' lang='lat' dir='ltr'>quos</span> <span class='ocrx_word' id='word_1_380' title='bbox 258 4118 502 4187; x_wconf 83' lang='lat' dir='ltr'>Wilamowitzius,</span> <span class='ocrx_word' id='word_1_381' title='bbox 522 4119 571 4188; x_wconf 90' lang='lat' dir='ltr'>qui</span> <span class='ocrx_word' id='word_1_382' title='bbox 590 4120 666 4189; x_wconf 89' lang='lat' dir='ltr'>apud</span> <span class='ocrx_word' id='word_1_383' title='bbox 685 4119 840 4172; x_wconf 89' lang='lat' dir='ltr'>Bruhnium</span> <span class='ocrx_word' id='word_1_384' title='bbox 863 4136 957 4173; x_wconf 89' lang='lat' dir='ltr'>versus</span> <span class='ocrx_word' id='word_1_385' title='bbox 980 4119 1055 4173; x_wconf 91' lang='lat' dir='ltr'>inter</span> <span class='ocrx_word' id='word_1_386' title='bbox 1079 4135 1108 4172; x_wconf 93' lang='lat' dir='ltr'>se</span> <span class='ocrx_word' id='word_1_387' title='bbox 1131 4118 1332 4189; x_wconf 87' lang='lat' dir='ltr'>respondentes</span> <span class='ocrx_word' id='word_1_388' title='bbox 1360 4124 1427 4172; x_wconf 80' lang='grc'><strong>1242</strong></span> <span class='ocrx_word' id='word_1_389' title='bbox 1448 4121 1477 4172; x_wconf 92' lang='lat' dir='ltr'>et</span> 
     </span>
     <span class='ocr_line' id='line_1_40' title="bbox 169 4197 1477 4270; baseline -0.001 -19"><span class='ocrx_word' id='word_1_390' title='bbox 169 4205 237 4252; x_wconf 85' lang='grc'><strong>1267</strong></span> <span class='ocrx_word' id='word_1_391' title='bbox 257 4197 401 4253; x_wconf 76' lang='grc' dir='ltr'><em>ἀστάκτων</em></span> <span class='ocrx_word' id='word_1_392' title='bbox 425 4198 513 4268; x_wconf 78' lang='grc' dir='ltr'><em>μάτηρ</em></span> <span class='ocrx_word' id='word_1_393' title='bbox 536 4199 648 4255; x_wconf 76' lang='grc' dir='ltr'><strong><em>ὑδάτων</em></strong></span> <span class='ocrx_word' id='word_1_394' title='bbox 672 4199 724 4255; x_wconf 82' lang='grc' dir='ltr'>τὰν</span> <span class='ocrx_word' id='word_1_395' title='bbox 743 4231 778 4239; x_wconf 87' lang='grc'>-</span> <span class='ocrx_word' id='word_1_396' title='bbox 797 4207 847 4268; x_wconf 78' lang='grc' dir='ltr'>γᾶς</span> <span class='ocrx_word' id='word_1_397' title='bbox 871 4198 954 4261; x_wconf 75' lang='grc' dir='ltr'><strong><em>εὐνὰς</em></strong></span> <span class='ocrx_word' id='word_1_398' title='bbox 973 4198 1106 4268; x_wconf 78' lang='grc' dir='ltr'><strong><em>ἔφραζον·</em></strong></span> <span class='ocrx_word' id='word_1_399' title='bbox 1127 4208 1194 4270; x_wconf 72' lang='grc' dir='ltr'><strong><em>γαῖα</em></strong></span> <span class='ocrx_word' id='word_1_400' title='bbox 1218 4197 1361 4252; x_wconf 76' lang='grc'><strong>1111111111</strong></span> <span class='ocrx_word' id='word_1_401' title='bbox 1385 4213 1477 4251; x_wconf 87' lang='lat' dir='ltr'>emen-</span> 
     </span>
     <span class='ocr_line' id='line_1_41' title="bbox 168 4277 1477 4350; baseline 0 -19"><span class='ocrx_word' id='word_1_402' title='bbox 168 4280 269 4335; x_wconf 85' lang='lat' dir='ltr'>dabat:</span> <span class='ocrx_word' id='word_1_403' title='bbox 289 4278 382 4349; x_wconf 91' lang='lat' dir='ltr'>priore</span> <span class='ocrx_word' id='word_1_404' title='bbox 400 4296 481 4333; x_wconf 86' lang='lat' dir='ltr'>versu</span> <span class='ocrx_word' id='word_1_405' title='bbox 500 4280 612 4335; x_wconf 78' lang='grc' dir='ltr'><em>ὑδάτων</em></span> <span class='ocrx_word' id='word_1_406' title='bbox 632 4281 760 4346; x_wconf 81' lang='lat' dir='ltr'>eiectum,</span> <span class='ocrx_word' id='word_1_407' title='bbox 779 4279 831 4335; x_wconf 81' lang='grc' dir='ltr'>τὰν</span> <span class='ocrx_word' id='word_1_408' title='bbox 846 4279 875 4331; x_wconf 88' lang='grc'>11</span> <span class='ocrx_word' id='word_1_409' title='bbox 894 4287 990 4350; x_wconf 73' lang='grc' dir='ltr'><strong><em>παγᾶν</em></strong></span> <span class='ocrx_word' id='word_1_410' title='bbox 1008 4279 1156 4348; x_wconf 80' lang='lat' dir='ltr'>variatum,</span> <span class='ocrx_word' id='word_1_411' title='bbox 1176 4279 1266 4335; x_wconf 89' lang='lat' dir='ltr'>altero</span> <span class='ocrx_word' id='word_1_412' title='bbox 1285 4295 1336 4348; x_wconf 92' lang='lat' dir='ltr'>pro</span> <span class='ocrx_word' id='word_1_413' title='bbox 1355 4277 1477 4346; x_wconf 78' lang='grc' dir='ltr'><strong><em>ἔφραζον</em></strong></span> 
     </span>
     <span class='ocr_line' id='line_1_42' title="bbox 169 4357 1476 4431; baseline -0.003 -18"><span class='ocrx_word' id='word_1_414' title='bbox 169 4360 304 4430; x_wconf 88' lang='lat' dir='ltr'>scriptum</span> <span class='ocrx_word' id='word_1_415' title='bbox 328 4357 424 4428; x_wconf 79' lang='grc' dir='ltr'><em>φράζε,</em></span> <span class='ocrx_word' id='word_1_416' title='bbox 446 4377 496 4429; x_wconf 88' lang='lat' dir='ltr'>pro</span> <span class='ocrx_word' id='word_1_417' title='bbox 520 4369 588 4431; x_wconf 70' lang='grc' dir='ltr'><strong><em>γαῖα</em></strong></span> <span class='ocrx_word' id='word_1_418' title='bbox 607 4392 640 4400; x_wconf 93' lang='grc'>-</span> <span class='ocrx_word' id='word_1_419' title='bbox 659 4359 753 4414; x_wconf 71' lang='grc' dir='ltr'><em>πάλιν.</em></span> <span class='ocrx_word' id='word_1_420' title='bbox 795 4359 826 4411; x_wconf 92' lang='lat' dir='ltr'>Id</span> <span class='ocrx_word' id='word_1_421' title='bbox 850 4359 925 4426; x_wconf 89' lang='lat' dir='ltr'>quod</span> <span class='ocrx_word' id='word_1_422' title='bbox 949 4359 1065 4413; x_wconf 89' lang='lat' dir='ltr'>concedi</span> <span class='ocrx_word' id='word_1_423' title='bbox 1092 4377 1148 4414; x_wconf 95' lang='lat' dir='ltr'>non</span> <span class='ocrx_word' id='word_1_424' title='bbox 1171 4362 1273 4429; x_wconf 87' lang='lat' dir='ltr'>potest.</span> <span class='ocrx_word' id='word_1_425' title='bbox 1317 4358 1390 4410; x_wconf 88' lang='lat' dir='ltr'>Nam</span> <span class='ocrx_word' id='word_1_426' title='bbox 1414 4375 1476 4410; x_wconf 90' lang='lat' dir='ltr'>cum</span> 
     </span>
     <span class='ocr_line' id='line_1_43' title="bbox 169 4439 1476 4509; baseline -0.003 -15"><span class='ocrx_word' id='word_1_427' title='bbox 169 4456 220 4509; x_wconf 88' lang='lat' dir='ltr'>per</span> <span class='ocrx_word' id='word_1_428' title='bbox 238 4457 267 4494; x_wconf 91' lang='lat' dir='ltr'>se</span> <span class='ocrx_word' id='word_1_429' title='bbox 286 4440 332 4493; x_wconf 87' lang='grc'><strong>1111</strong></span> <span class='ocrx_word' id='word_1_430' title='bbox 346 4439 493 4509; x_wconf 88' lang='lat' dir='ltr'>probabile</span> <span class='ocrx_word' id='word_1_431' title='bbox 507 4439 619 4493; x_wconf 87' lang='lat' dir='ltr'>videtur</span> <span class='ocrx_word' id='word_1_432' title='bbox 633 4440 662 4493; x_wconf 92' lang='lat' dir='ltr'>in</span> <span class='ocrx_word' id='word_1_433' title='bbox 677 4439 801 4493; x_wconf 90' lang='lat' dir='ltr'>versibus</span> <span class='ocrx_word' id='word_1_434' title='bbox 821 4439 1056 4508; x_wconf 89' lang='lat' dir='ltr'>respondentibus</span> <span class='ocrx_word' id='word_1_435' title='bbox 1074 4440 1121 4493; x_wconf 90' lang='lat' dir='ltr'>hic</span> <span class='ocrx_word' id='word_1_436' title='bbox 1140 4440 1199 4493; x_wconf 91' lang='lat' dir='ltr'>illio</span> <span class='ocrx_word' id='word_1_437' title='bbox 1214 4439 1295 4492; x_wconf 89' lang='lat' dir='ltr'>binas</span> <span class='ocrx_word' id='word_1_438' title='bbox 1314 4453 1397 4492; x_wconf 87' lang='lat' dir='ltr'>voces</span> <span class='ocrx_word' id='word_1_439' title='bbox 1416 4456 1476 4491; x_wconf 89' lang='lat' dir='ltr'>mu-</span> 
     </span>
     <span class='ocr_line' id='line_1_44' title="bbox 171 4517 1477 4590; baseline -0.002 -17"><span class='ocrx_word' id='word_1_440' title='bbox 171 4520 237 4587; x_wconf 80' lang='lat' dir='ltr'>tari,</span> <span class='ocrx_word' id='word_1_441' title='bbox 256 4524 363 4575; x_wconf 91' lang='lat' dir='ltr'>tumeo</span> <span class='ocrx_word' id='word_1_442' title='bbox 379 4520 518 4574; x_wconf 85' lang='lat' dir='ltr'>cautiores</span> <span class='ocrx_word' id='word_1_443' title='bbox 533 4521 586 4573; x_wconf 92' lang='lat' dir='ltr'>hoc</span> <span class='ocrx_word' id='word_1_444' title='bbox 605 4521 666 4574; x_wconf 92' lang='lat' dir='ltr'>loco</span> <span class='ocrx_word' id='word_1_445' title='bbox 685 4538 736 4574; x_wconf 89' lang='lat' dir='ltr'>nos</span> <span class='ocrx_word' id='word_1_446' title='bbox 756 4536 816 4574; x_wconf 88' lang='lat' dir='ltr'>esse</span> <span class='ocrx_word' id='word_1_447' title='bbox 831 4520 920 4587; x_wconf 82' lang='lat' dir='ltr'>decet,</span> <span class='ocrx_word' id='word_1_448' title='bbox 939 4520 1007 4590; x_wconf 90' lang='lat' dir='ltr'>quia</span> <span class='ocrx_word' id='word_1_449' title='bbox 1021 4536 1115 4574; x_wconf 89' lang='lat' dir='ltr'>versus</span> <span class='ocrx_word' id='word_1_450' title='bbox 1129 4519 1182 4585; x_wconf 85' lang='lat' dir='ltr'>illi,</span> <span class='ocrx_word' id='word_1_451' title='bbox 1202 4519 1274 4572; x_wconf 90' lang='lat' dir='ltr'>sicut</span> <span class='ocrx_word' id='word_1_452' title='bbox 1288 4519 1317 4572; x_wconf 87' lang='lat' dir='ltr'>in</span> <span class='ocrx_word' id='word_1_453' title='bbox 1333 4517 1477 4572; x_wconf 86' lang='lat' dir='ltr'>codicibus</span> 
     </span>
     <span class='ocr_line' id='line_1_45' title="bbox 170 4601 1477 4668; baseline 0 -16"><span class='ocrx_word' id='word_1_454' title='bbox 170 4603 234 4654; x_wconf 92' lang='lat' dir='ltr'>sunt</span> <span class='ocrx_word' id='word_1_455' title='bbox 258 4601 379 4668; x_wconf 75' lang='lat' dir='ltr'>exarati,</span> <span class='ocrx_word' id='word_1_456' title='bbox 404 4602 523 4655; x_wconf 90' lang='lat' dir='ltr'>eundem</span> <span class='ocrx_word' id='word_1_457' title='bbox 546 4617 692 4654; x_wconf 89' lang='lat' dir='ltr'>numerum</span> <span class='ocrx_word' id='word_1_458' title='bbox 716 4601 850 4655; x_wconf 84' lang='lat' dir='ltr'>exhibent</span> <span class='ocrx_word' id='word_1_459' title='bbox 879 4618 1033 4655; x_wconf 88' lang='lat' dir='ltr'>morarum:</span> <span class='ocrx_word' id='word_1_460' title='bbox 1061 4607 1129 4655; x_wconf 81' lang='grc'><strong>1242</strong></span> <span class='ocrx_word' id='word_1_461' title='bbox 1154 4625 1429 4656; x_wconf 72' lang='grc'>.........</span> <span class='ocrx_word' id='word_1_462' title='bbox 1443 4627 1477 4645; x_wconf 97' lang='lat'><strong><em>=</em></strong></span> 
     </span>
     <span class='ocr_line' id='line_1_46' title="bbox 170 4679 1478 4751; baseline 0.001 -19"><span class='ocrx_word' id='word_1_463' title='bbox 170 4685 186 4732; x_wconf 88' lang='lat'>8</span> <span class='ocrx_word' id='word_1_464' title='bbox 206 4680 331 4750; x_wconf 86' lang='lat' dir='ltr'>syllabae</span> <span class='ocrx_word' id='word_1_465' title='bbox 355 4682 470 4751; x_wconf 81' lang='lat' dir='ltr'>longae3</span> <span class='ocrx_word' id='word_1_466' title='bbox 498 4687 567 4735; x_wconf 88' lang='grc'><strong>1267</strong></span> <span class='ocrx_word' id='word_1_467' title='bbox 587 4708 890 4736; x_wconf 77' lang='grc'>.........</span> <span class='ocrx_word' id='word_1_468' title='bbox 907 4681 977 4736; x_wconf 91' lang='lat' dir='ltr'>item</span> <span class='ocrx_word' id='word_1_469' title='bbox 992 4709 1025 4728; x_wconf 92' lang='lat'><strong><em>=</em></strong></span> <span class='ocrx_word' id='word_1_470' title='bbox 1041 4687 1056 4735; x_wconf 89' lang='lat'>8</span> <span class='ocrx_word' id='word_1_471' title='bbox 1076 4681 1138 4750; x_wconf 83' lang='lat' dir='ltr'>syll.</span> <span class='ocrx_word' id='word_1_472' title='bbox 1155 4680 1265 4749; x_wconf 87' lang='lat' dir='ltr'>longae.</span> <span class='ocrx_word' id='word_1_473' title='bbox 1276 4679 1342 4735; x_wconf 91' lang='lat' dir='ltr'>Wil.</span> <span class='ocrx_word' id='word_1_474' title='bbox 1359 4683 1478 4749; x_wconf 90' lang='lat' dir='ltr'>utroque</span> 
     </span>
     <span class='ocr_line' id='line_1_47' title="bbox 172 4760 1478 4832; baseline -0.001 -19"><span class='ocrx_word' id='word_1_475' title='bbox 172 4776 252 4814; x_wconf 88' lang='lat' dir='ltr'>versu</span> <span class='ocrx_word' id='word_1_476' title='bbox 275 4778 360 4814; x_wconf 88' lang='lat' dir='ltr'>unam</span> <span class='ocrx_word' id='word_1_477' title='bbox 383 4762 522 4832; x_wconf 90' lang='lat' dir='ltr'>syllabam</span> <span class='ocrx_word' id='word_1_478' title='bbox 551 4761 665 4832; x_wconf 81' lang='lat' dir='ltr'>longam</span> <span class='ocrx_word' id='word_1_479' title='bbox 690 4761 822 4818; x_wconf 89' lang='lat' dir='ltr'>desecuit.</span> <span class='ocrx_word' id='word_1_480' title='bbox 861 4761 967 4816; x_wconf 91' lang='lat' dir='ltr'>Tamen</span> <span class='ocrx_word' id='word_1_481' title='bbox 991 4760 1119 4832; x_wconf 77' lang='lat' dir='ltr'>graviora</span> <span class='ocrx_word' id='word_1_482' title='bbox 1143 4761 1270 4816; x_wconf 81' lang='lat' dir='ltr'>obstant:</span> <span class='ocrx_word' id='word_1_483' title='bbox 1293 4779 1317 4814; x_wconf 91' lang='lat' dir='ltr'>v.</span> <span class='ocrx_word' id='word_1_484' title='bbox 1334 4767 1401 4814; x_wconf 89' lang='grc'><strong>1267</strong></span> <span class='ocrx_word' id='word_1_485' title='bbox 1425 4777 1478 4813; x_wconf 83' lang='lat' dir='ltr'>vox</span> 
     </span>
    </p>
   </div>
   <div class='ocr_carea' id='block_1_7' title="bbox 1234 4849 1267 4901">
    <p class='ocr_par' dir='ltr' id='par_1_10' title="bbox 1234 4849 1267 4901">
     <span class='ocr_line' id='line_1_48' title="bbox 1234 4849 1267 4901; baseline 0 -24"><span class='ocrx_word' id='word_1_486' title='bbox 1234 4849 1267 4901; x_wconf 47' lang='lat' dir='ltr'>pk*</span> 
     </span>
    </p>
   </div>
   <div class='ocr_carea' id='block_1_8' title="bbox 0 0 1659 5190">
    <p class='ocr_par' dir='ltr' id='par_1_11' title="bbox 0 0 1659 5190">
     <span class='ocr_line' id='line_1_49' title="bbox 0 0 1659 5190; baseline 0 0"><span class='ocrx_word' id='word_1_487' title='bbox 0 0 1659 5190; x_wconf 95' lang='lat' dir='ltr'> </span> 
     </span>
    </p>
   </div>
  </div>
 </body>
</html>
