3294 5190
548 344 589 398 De
607 342 761 398 incubandi
780 342 882 397 ritibus
901 341 1098 411 symbolisque.
1431 340 1471 404 19

167 509 241 594 Ipse
265 508 470 592 Trophonius
498 507 692 571 adorabatur
715 509 821 570 statua
845 506 922 589 eius,
946 527 1027 589 quae
1054 503 1188 568 Daedali
1212 525 1292 588 opus
1317 525 1385 567 esse
1409 507 1472 568 tra-

166 607 310 689 debatur,
334 607 485 690 adspecta
508 609 605 689 atque
629 603 722 668 culta.
760 601 867 690 (Paus.
887 602 934 666 IX
952 602 1005 686 39,
1021 600 1063 688 8.)

165 703 204 768 In
242 705 368 768 Daunia
405 703 551 767 homines
589 725 623 766 se
655 703 743 786 ipsos
780 705 929 786 aegrotos
967 700 1034 763 sive
1070 721 1185 783 pecora
1222 722 1280 763 sua
1320 698 1473 763 Althaeni

164 802 317 866 fluctibus
342 803 567 885 immergentes
590 799 797 884 Podalirium,
820 799 854 862 in
877 798 968 862 cuius
987 797 1111 861 tumulo
1140 797 1278 881 pellibus
1302 797 1474 861 substratis

164 922 222 984 per
236 922 384 963 somnum
400 898 528 963 oracula
539 902 722 981 exspectare
732 896 879 961 solebant
893 895 1100 982 (Lycophron
1113 894 1199 958 1050
1206 917 1251 978 sq.
1268 898 1308 977 -l-
1321 893 1475 981 Tzetzes),

166 998 359 1063 invocabant
377 997 538 1080 propitius
562 996 687 1060 adesset
706 994 728 1082 ).

165 1095 273 1161 Numa
313 1095 424 1159 Fauno
466 1093 597 1158 incubat
638 1095 785 1180 „adorato
821 1114 880 1174 per
906 1112 977 1171 ,suc
1015 1091 1107 1155 corbo
1145 1091 1218 1156 deo“
1276 1088 1347 1176 (Or.
1389 1090 1475 1153 Fast.

169 1192 217 1258 IV
236 1192 325 1279 060).

167 1383 300 1455 ὑπόγειον
324 1384 426 1454 οίιιημα
450 1385 487 1438 ib.
512 1384 557 1438 IV.
578 1384 716 1438 :schol
740 1384 804 1437 Luc.
830 1382 895 1436 dial.
919 1384 1000 1436 mort.
1026 1381 1090 1434 3ΙΙ.
1127 1380 1158 1435 τὸ
1185 1381 1271 1435 αὑτοῦ
1291 1380 1476 1449 συνεστήσατο

167 1463 332 1535 χρηστήριον
357 1464 395 1518 ib.
422 1464 467 1518 IV.
505 1463 633 1533 Denique
661 1464 736 1533 apud
764 1462 895 1517 Photium
922 1481 941 1516 s.
968 1481 992 1515 v.
1020 1459 1161 1532 Λεβαδεία
1186 1460 1366 1515 inveniuntur
1393 1462 1475 1517 haec:

166 1543 246 1607 πόλις
260 1542 403 1612 Βοιωτίας,
413 1544 444 1599 ἐν
458 1536 475 1616 ᾖ
496 1544 565 1606 Διὸς
578 1553 719 1613 μαντεῖον,
736 1541 904 1612 Τροφωνίου
918 1540 1186 1604 κατασκευάσαντος.
1216 1541 1323 1606 Quibus
1337 1558 1372 1595 ex
1386 1542 1478 1595 verbis

167 1627 296 1693 apparet,
320 1627 494 1694 quantopere
513 1624 689 1693 Trophonius
713 1642 777 1678 curn
800 1623 850 1677 illo
869 1624 934 1676 love
957 1623 1035 1693 Rege
1061 1623 1144 1694 [Ζευς
1163 1623 1317 1694 Βασιλεύς],
1337 1621 1382 1675 oui
1400 1621 1481 1676 iuxta

167 1703 358 1774 Trophonium
381 1704 474 1774 ipsum
497 1720 621 1758 seorsum
645 1704 706 1757 ludi
737 1703 954 1759 celebrabantur
977 1701 1148 1774 [Βασίλεια],
1172 1702 1304 1756 confusus
1328 1701 1372 1755 sit.
1411 1702 1483 1756 Sunt

168 1783 243 1837 enim
260 1783 372 1854 proprie
392 1783 568 1854 Trophonius
588 1787 617 1837 et
634 1783 760 1854 Iuppiter
774 1785 833 1837 Rex
848 1803 935 1837 unum
949 1783 1092 1852 quoddam
1111 1782 1290 1836 daemonium
1308 1782 1481 1850 chthonium,

168 1866 243 1917 certe
267 1863 393 1918 eiusdem
414 1864 538 1917 numinis
557 1864 764 1932 emanationes,
784 1880 817 1918 eo
836 1863 942 1933 magis,
961 1863 1037 1930 quod
1055 1861 1232 1931 Trophonius
1251 1862 1320 1931 ipse,
1340 1862 1413 1915 sicut
1432 1862 1482 1915 alii

171 1943 200 1995 di
220 1943 347 1998 chthonii
364 1944 510 2014 ‘Iuppiter’
528 1944 733 2013 appellabatur.
763 1943 798 1997 cf.
814 1944 913 1998 Rohde
928 1941 1055 2011 Psyche²
1072 1942 1125 2011 Ip.
1143 1948 1202 2010 125,
1219 1945 1254 2011 1.)
1273 1943 1314 1995 De
1333 1943 1481 1996 Alcmenes

169 2023 296 2078 thalamo
324 2023 428 2078 Thebis
461 2024 646 2078 exaedificato
674 2044 697 2078 v.
728 2024 809 2077 Paus.
834 2023 872 2076 IX
897 2030 939 2092 11,
964 2029 987 2075 1.
1029 2021 1170 2075 Exstabat
1197 2021 1228 2074 in
1252 2038 1284 2075 eo
1309 2022 1483 2091 epigramma

168 2105 211 2171 (=
224 2103 374 2173 Antholog.
391 2103 481 2157 Palat.
496 2104 623 2173 Append.
641 2107 710 2173 114),
726 2104 806 2159 cuius
821 2107 864 2158 est
877 2120 973 2158 versus
987 2102 1088 2156 tertius
1102 2101 1183 2170 isque
1197 2102 1326 2158 ultimus:
1342 2101 1483 2173 Ἀγχάσιος

171 2179 199 2235 d’
222 2180 334 2251 ἐποίησε
352 2185 515 2252 Τροφώνιος
529 2181 575 2252 ἡδ’
594 2181 761 2254 Ἀγαμήδης,
785 2184 835 2237 nbi
851 2201 1006 2254 cognomen
1016 2181 1159 2254 Ἀνχοίσιος
1178 2183 1338 2252 Trophonio
1354 2183 1482 2237 additum

168 2262 318 2316 obscumm
342 2263 531 2332 explicatione
556 2266 640 2317 caret.
679 2263 720 2317 De
744 2265 887 2318 Thesauro
912 2264 1010 2334 Hyriei
1033 2263 1067 2316 cf.
1092 2263 1174 2317 Paus.
1198 2263 1236 2316 IX
1255 2269 1298 2332 37,
1318 2270 1341 2317 6.
1362 2270 1391 2318 6:
1415 2263 1482 2317 Tro-

167 2341 288 2410 phonius
314 2341 466 2411 Agamedis
492 2341 568 2410 capti
595 2341 703 2396 decidit
728 2346 820 2412 caput.
858 2343 892 2398 cf.
920 2343 997 2396 Suid.
1027 2361 1047 2396 s.
1067 2360 1092 2396 v.
1119 2343 1158 2405 είς
1188 2341 1355 2411 Τροφωνίου
1378 2341 1482 2411 μεμάν-

168 2440 263 2475 τευται
282 2448 315 2466 --
335 2421 408 2476 Plut.
433 2421 562 2476 Proverb.
586 2422 651 2475 151
673 2422 871 2492 (Paroemiogr.
897 2422 1073 2492 Gottingens.
1096 2422 1194 2490 1329).
1232 2422 1341 2476 Eadem
1363 2423 1483 2476 historia

168 2501 256 2554 alium
287 2501 317 2553 in
342 2501 436 2556 locum
465 2502 606 2556 translata
638 2501 668 2556 in
699 2503 786 2557 schol.
817 2504 864 2557 Ar.
898 2503 972 2557 Nub.
1000 2508 1052 2556 608
1076 2503 1113 2556 ll:
1143 2502 1173 2556 ἐν
1195 2499 1326 2558 Ἠλίδι..
1357 2512 1482 2573 ταμιεῖον

168 2590 290 2652 χρυσοῦν
315 2582 524 2637 κατεσκεύασαν
548 2580 663 2657 Αὐγείην,
689 2583 866 2652 Trophonius
890 2582 1000 2636 scilicet
1024 2585 1053 2636 et
1075 2582 1247 2651 Agamedes,
1272 2582 1321 2651 qui
1344 2583 1396 2637 hoc
1421 2583 1482 2637 loco

169 2679 226 2716 non
244 2662 332 2716 frater
351 2664 445 2716 exstat
459 2662 621 2731 Trophonii,
636 2663 686 2716 sed
700 2665 789 2732 pater,
804 2680 853 2717 rex
864 2661 1024 2733 Stymphali
1038 2661 1185 2731 Arcadiae,
1194 2661 1340 2731 Epioastes
1354 2662 1481 2718 maritus.

170 2741 373 2812 suppeditatur
400 2745 496 2796 tamen
523 2742 684 2812 Trophonio
713 2742 785 2796 alius
813 2744 900 2798 frater
928 2743 1065 2812 Cercyon,
1094 2741 1207 2812 γνήσιος
1233 2743 1395 2797 nominatus
1423 2743 1484 2806 υἱὸς

169 2823 322 2892 Agamedis
346 2825 375 2876 et
398 2821 557 2892 Epioastes,
582 2840 645 2876 oum
668 2822 844 2892 Trophonius
869 2823 978 2887 σκότιος
1002 2822 1168 2893 cognomine
1187 2823 1269 2891 quasi
1290 2824 1326 2877 ad
1344 2823 1483 2879 infernam

169 2901 229 2954 eius
248 2904 379 2956 naturam
399 2903 545 2971 spectante
565 2904 715 2956 exornatus
729 2903 876 2972 Epicastes
890 2907 1002 2958 tantum
1016 2913 1084 2965 παῖς
1102 2905 1223 2973 vocetur,
1244 2920 1329 2972 qnam
1342 2903 1372 2957 in
1386 2906 1483 2958 matri-

169 2982 294 3036 monium
318 2981 430 3035 duxerit
452 2982 618 3052 Agamedes.
656 2982 812 3045 Notissima
834 2984 890 3037 fuit
917 2984 991 3038 inter
1016 2982 1147 3051 antiquos
1175 2983 1295 3038 historia
1319 2983 1354 3036 de
1377 2985 1483 3053 templo

168 3061 305 3131 Delphico
324 3079 341 3114 a
360 3061 495 3116 fratribus
514 3062 700 3116 exaedificato
714 3063 806 3133 (Paus.
827 3064 866 3116 IX
880 3070 923 3138 37,
942 3069 966 3118 6.
982 3063 1007 3114 Χ
1023 3068 1048 3128 6,
1064 3069 1106 3116 13.
1135 3063 1236 3117 Strabo
1250 3063 1288 3115 IX
1303 3069 1328 3130 3,
1343 3069 1358 3116 9
1379 3082 1406 3133 p.
1421 3070 1482 3119 4⁴21.

172 3141 267 3210 Steph.
287 3142 353 3210 Byz.
374 3159 394 3195 s.
413 3160 438 3196 v.
458 3139 574 3210 Δελφοί,
603 3141 676 3195 Plut.
697 3143 800 3197 consol.
821 3143 865 3196 ad.
881 3142 973 3212 Apoll.
995 3148 1028 3194 14
1042 3160 1070 3210 p.
1086 3146 1136 3194 109
1151 3142 1183 3195 A.
1203 3140 1280 3195 idem
1298 3142 1351 3212 frg.
1371 3142 1448 3195 XXII
1467 3148 1482 3195 7

169 3224 189 3275 t.
208 3221 260 3274 VII
278 3240 304 3290 p.
322 3226 443 3290 126,11.
462 3219 660 3275 Bernardakis.
687 3220 741 3275 cic.
766 3222 846 3276 Tusc.
871 3222 941 3289 147,
966 3228 1025 3276 114.
1063 3220 1196 3274 Arsenius
1220 3220 1365 3276 Violetum
1387 3241 1414 3292 p.
1430 3227 1483 3276 466

169 3301 258 3356 Walz.
287 3300 369 3355 Plato
399 3299 515 3354 Axioch.
539 3318 566 3369 p.
586 3305 638 3354 367
659 3300 679 3354 C
698 3327 732 3346 =
757 3301 834 3356 Stob.
863 3301 958 3356 Floril.
983 3307 1030 3371 98,
1051 3306 1093 3356 76,
1139 3300 1238 3356 λάϊνον
1261 3303 1348 3358 οὐδὸν
1371 3305 1483 3356 tantum

169 3381 296 3435 fecerunt
324 3381 478 3435 secundum
502 3381 595 3449 hymn.
620 3380 731 3436 Homer.
757 3381 788 3434 in
806 3382 897 3452 Apoll.
922 3401 946 3438 v.
967 3386 1029 3452 296)
1054 3398 1205 3450 eorumque
1233 3386 1323 3436 morte
1346 3382 1483 3437 mercedis
1518 3370 1519 3387 ¹

172 3461 234 3515 loco
254 3461 290 3515 ab
309 3460 441 3530 Apolline
460 3459 598 3530 praebita,
618 3461 722 3530 quippe
742 3463 816 3530 quod
836 3462 965 3531 optinum
990 3464 1065 3516 esset
1082 3461 1242 3516 hominihus
1261 3462 1344 3532 (Plut.
1365 3467 1483 3532 utroque

169 3541 232 3595 loco
259 3541 354 3596 citato.
392 3540 526 3594 Arsenius
551 3541 569 3595 l.
595 3557 617 3594 c.
644 3541 726 3595 Plato
745 3541 763 3595 l.
789 3559 811 3597 c.
836 3569 870 3588 =
895 3543 971 3598 Stob.
999 3543 1054 3598 Cic.
1087 3542 1105 3598 l.
1130 3559 1152 3596 c.
1180 3543 1296 3612 Spectat
1320 3560 1379 3597 rem
1404 3543 1484 3597 illam

173 3618 289 3672 Pindari
308 3619 498 3688 fragmentum
517 3621 602 3690 [1112
622 3619 727 3692 Christ]
747 3636 762 3673 e
782 3621 888 3676 scholio
907 3623 973 3677 Luc.
989 3623 1056 3678 dial.
1071 3624 1152 3677 mort.
1165 3628 1179 3675 3
1194 3622 1301 3692 publici
1320 3623 1388 3677 iuris
1406 3624 1483 3679 facto

175 3699 320 3753 aRohdio
339 3699 440 3754 Philol.
460 3699 563 3752 XXXV
581 3718 608 3769 p.
626 3706 775 3756 199-201.
804 3702 988 3757 Plutarchum
1007 3706 1036 3757 et
1054 3703 1216 3758 Ciceronem
1235 3720 1269 3757 ex
1287 3705 1386 3758 eodem
1404 3704 1483 3759 fonte

172 3778 318 3850 [Crantore
336 3781 401 3848 περὶ
419 3777 558 3852 πένθους]
576 3781 689 3835 haurire
714 3781 833 3836 adnotat
856 3783 982 3837 ltohdius
1006 3803 1033 3854 p.
1049 3786 1119 3853 200).
1158 3783 1199 3837 De
1223 3784 1328 3853 templo
1346 3784 1483 3854 Delphico

172 3875 189 3912 a
216 3859 351 3913 fratribus
379 3862 520 3914 exstructo
548 3880 574 3915 v.
603 3860 689 3915 ctiam
713 3861 842 3915 Cosmam
865 3864 902 3916 ad
927 3863 1009 3934 Greg.
1033 3865 1100 3918 Nar.
1126 3881 1209 3918 carm.
1234 3870 1267 3918 64
1286 3867 1306 3918 t.
1327 3870 1360 3917 38
1383 3883 1410 3934 p.
1431 3871 1482 3918 613

171 3937 268 4007 Migne
286 3966 320 3984 =
339 3939 471 4009 Spicileg.
491 3941 608 3995 Roman.
628 3942 670 3995 ed.
690 3942 762 4011 Ang.
777 3942 836 3996 Mai
855 3945 875 3997 t.
894 3944 920 3997 Π
939 3963 965 4013 p.
984 3950 1035 3997 184
1046 3963 1095 4013 sq,
1115 3944 1165 3998 ubi
1184 3947 1235 4012 est,
1254 3945 1329 4013 quod
1347 3945 1483 4014 corrigas3

171 4017 294 4073 traditur
323 4019 409 4074 enim:
444 4020 608 4089 ἠξιώθησαν
636 4019 667 4074 δὲ
699 4025 863 4090 Τροφώνιος
892 4025 941 4078 καί
973 4024 1179 4093 Γανυμήδης
1204 4024 1219 4078 ὁ
1244 4025 1367 4093 ἀδελφὸς
1396 4027 1483 4079 αὐτοῦ

171 4098 361 4168 μαντεύεσθαι
380 4099 428 4152 διὰ
446 4100 477 4154 τὸ
497 4098 589 4154 κτίσαι
608 4102 711 4164 αὐτοὺς
729 4102 760 4155 τὸ
784 4102 814 4158 ἐν
830 4106 951 4172 Δελφοῖς
970 4103 1046 4173 ἱερὸν
1060 4113 1110 4157 τοῦ
1122 4101 1288 4167 ’Λπόλλωνος
1301 4105 1358 4158 ἀπὸ
1373 4103 1483 4160 οἰκείων

171 4177 327 4250 χρημάτων.
351 4179 520 4249 Γανυμήδης
534 4196 680 4250 perperam
696 4181 831 4252 scriptum
851 4182 879 4234 in
896 4182 1056 4252 Γαμήδης
1070 4183 1283 4252 restituendum,
1302 4200 1376 4253 quae
1393 4184 1484 4238 forma

171 4276 221 4329 per
241 4259 409 4328 aphaeresin
430 4275 463 4312 ex
480 4257 635 4331 Ἀγαμήδης
653 4264 696 4315 est
714 4262 984 4332 orta.of.1'uprldq9
1002 4261 1103 4333 ἐπόησε
1121 4262 1151 4316 in
1166 4264 1275 4317 duobus
1298 4264 1372 4317 vasis
1390 4264 1483 4318 fictili-

172 4341 225 4395 bus
248 4338 404 4407 Boeotiois,
427 4340 606 4395 Kretschmer
634 4341 743 4397 Griech.
768 4342 1029 4398 Vaseninschriften
1053 4362 1079 4413 p.
1100 4350 1148 4411 52,
1171 4343 1209 4398 id.
1228 4344 1326 4397 Kuhns
1349 4343 1482 4398 Zeitschr.

179 4426 245 4473 1899
276 4425 336 4474 272.

249 4463 289 4561 ἱ1)
309 4492 343 4546 cf.
368 4492 505 4562 Lycophr.
531 4498 682 4563 1052sqq.:
715 4493 807 4550 νόσων
830 4493 857 4549 d’
884 4495 1001 4564 ἀκεστής
1029 4492 1166 4557 Δαυνίοις
1191 4494 1369 4564 κληθήσεται,
1390 4496 1393 4564 Ι
1415 4492 1484 4550 όταν

173 4569 402 4640 κατικμαίνοντες
421 4569 571 4627 Ἀλθαίνου
595 4571 674 4643 ρὀαῑς
694 4576 698 4645 Ι
719 4575 830 4643 ἀρωγὸν
859 4573 1018 4641 αιἰδήσωσιν
1042 4571 1144 4627 Ἠπίου
1172 4572 1257 4643 γόνον
1277 4576 1282 4641 Ι
1302 4574 1410 4626 αιἰτοῑσι
1436 4576 1484 4628 καί

173 4649 320 4720 ποίμναισι
333 4661 475 4723 πρευμενῆ
490 4655 591 4722 μολεῖν.
621 4654 656 4708 cf.
672 4654 764 4708 Treta.
781 4656 816 4707 ad
831 4654 849 4708 l.
865 4655 983 4708 εἰώθασι
993 4656 1040 4722 (sc.
1056 4652 1187 4723 Daunii).
1200 4697 1205 4707 .
1217 4697 1222 4708 .
1234 4653 1426 4707 ἀπολούεσθαι
1438 4699 1442 4709 .
1455 4698 1460 4709 .
1473 4698 1478 4709 .

175 4733 223 4785 καί
242 4731 437 4788 ἐπικαλεῖσθαι
456 4734 505 4788 τὸν
524 4731 719 4801 Ποδαλείριον.

1235 4822 1270 4876 21
