<?xml version="1.0" encoding="UTF-8"?>
<!DOCTYPE html PUBLIC "-//W3C//DTD XHTML 1.0 Transitional//EN"
    "http://www.w3.org/TR/xhtml1/DTD/xhtml1-transitional.dtd">
<html xmlns="http://www.w3.org/1999/xhtml" xml:lang="en" lang="en">
 <head>
  <title>
</title>
<meta http-equiv="Content-Type" content="text/html;charset=utf-8" />
  <meta name='ocr-system' content='tesseract 3.04.00' />
  <meta name='ocr-capabilities' content='ocr_page ocr_carea ocr_par ocr_line ocrx_word'/>
</head>
<body>
  <div class='ocr_page' id='page_1' title='image "./deincubationeca00deubgoog/deincubationeca00deubgoog_0098.png"; bbox 0 0 3294 5190; ppageno 0'>
   <div class='ocr_carea' id='block_1_1' title="bbox 623 335 1486 403">
    <p class='ocr_par' dir='ltr' id='par_1_1' title="bbox 623 335 1486 403">
     <span class='ocr_line' id='line_1_1' title="bbox 623 335 1486 403; baseline 0.001 -15"><span class='ocrx_word' id='word_1_1' title='bbox 623 336 663 388; x_wconf 91' lang='lat' dir='ltr'>De</span> <span class='ocrx_word' id='word_1_2' title='bbox 682 335 863 389; x_wconf 78' lang='lat' dir='ltr'><strong>incubatione</strong></span> <span class='ocrx_word' id='word_1_3' title='bbox 882 335 1043 389; x_wconf 88' lang='lat' dir='ltr'>christiana.</span> <span class='ocrx_word' id='word_1_4' title='bbox 1444 339 1486 403; x_wconf 85' lang='lat'>85</span> 
     </span>
    </p>
   </div>
   <div class='ocr_carea' id='block_1_2' title="bbox 108 496 1561 1271">
    <p class='ocr_par' dir='ltr' id='par_1_2' title="bbox 108 496 1561 1271">
     <span class='ocr_line' id='line_1_2' title="bbox 108 496 1488 585; baseline 0.004 -24"><span class='ocrx_word' id='word_1_5' title='bbox 108 532 111 537; x_wconf 74' lang='lat'>,</span> <span class='ocrx_word' id='word_1_6' title='bbox 179 496 233 562; x_wconf 84' lang='grc' dir='ltr'><strong><em>καλ</em></strong></span> <span class='ocrx_word' id='word_1_7' title='bbox 254 507 321 562; x_wconf 82' lang='grc' dir='ltr'>τῶν</span> <span class='ocrx_word' id='word_1_8' title='bbox 340 497 445 581; x_wconf 82' lang='grc' dir='ltr'><em>ἁγίων</em></span> <span class='ocrx_word' id='word_1_9' title='bbox 459 499 480 582; x_wconf 79' lang='grc' dir='ltr'><em>ἡ</em></span> <span class='ocrx_word' id='word_1_10' title='bbox 494 500 590 585; x_wconf 87' lang='grc' dir='ltr'><strong><em>χάρις</em></strong></span> <span class='ocrx_word' id='word_1_11' title='bbox 604 499 764 583; x_wconf 76' lang='grc' dir='ltr'><strong><em>ἠβούλετο</em></strong></span> <span class='ocrx_word' id='word_1_12' title='bbox 779 497 831 581; x_wconf 90' lang='grc'>56,</span> <span class='ocrx_word' id='word_1_13' title='bbox 846 499 977 564; x_wconf 87' lang='grc' dir='ltr'>3628Β.</span> <span class='ocrx_word' id='word_1_14' title='bbox 997 499 1033 563; x_wconf 89' lang='lat' dir='ltr'>cf.</span> <span class='ocrx_word' id='word_1_15' title='bbox 1054 499 1105 582; x_wconf 81' lang='lat'>62,</span> <span class='ocrx_word' id='word_1_16' title='bbox 1120 499 1296 584; x_wconf 69' lang='lat' dir='ltr'>3640s1.-</span> <span class='ocrx_word' id='word_1_17' title='bbox 1307 502 1359 584; x_wconf 81' lang='lat'>41,</span> <span class='ocrx_word' id='word_1_18' title='bbox 1370 501 1488 566; x_wconf 78' lang='grc'>35816</span> 
     </span>
     <span class='ocr_line' id='line_1_3' title="bbox 177 596 1488 684; baseline 0.005 -26"><span class='ocrx_word' id='word_1_19' title='bbox 177 596 357 660; x_wconf 87' lang='lat' dir='ltr'>retardatur</span> <span class='ocrx_word' id='word_1_20' title='bbox 388 599 519 679; x_wconf 86' lang='lat' dir='ltr'>curatio,</span> <span class='ocrx_word' id='word_1_21' title='bbox 548 620 612 680; x_wconf 92' lang='lat' dir='ltr'>quo</span> <span class='ocrx_word' id='word_1_22' title='bbox 640 597 748 681; x_wconf 92' lang='lat' dir='ltr'>plures</span> <span class='ocrx_word' id='word_1_23' title='bbox 781 597 865 661; x_wconf 87' lang='lat' dir='ltr'>inter</span> <span class='ocrx_word' id='word_1_24' title='bbox 892 597 1038 661; x_wconf 91' lang='lat' dir='ltr'>homines</span> <span class='ocrx_word' id='word_1_25' title='bbox 1073 598 1269 683; x_wconf 84' lang='lat' dir='ltr'>divulgetur:</span> <span class='ocrx_word' id='word_1_26' title='bbox 1297 602 1421 684; x_wconf 88' lang='grc' dir='ltr'><strong><em>χρόνον</em></strong></span> <span class='ocrx_word' id='word_1_27' title='bbox 1451 597 1488 665; x_wconf 79' lang='grc' dir='ltr'><strong><em>δέ</em></strong></span> 
     </span>
     <span class='ocr_line' id='line_1_4' title="bbox 177 694 1486 781; baseline 0.004 -24"><span class='ocrx_word' id='word_1_28' title='bbox 177 696 306 778; x_wconf 77' lang='grc' dir='ltr'><strong><em>βραχὺν</em></strong></span> <span class='ocrx_word' id='word_1_29' title='bbox 330 694 565 778; x_wconf 81' lang='grc' dir='ltr'><strong><em>ἀναμείναντες</em></strong></span> <span class='ocrx_word' id='word_1_30' title='bbox 588 695 629 760; x_wconf 91' lang='grc' dir='ltr'>οὐ</span> <span class='ocrx_word' id='word_1_31' title='bbox 652 696 714 778; x_wconf 83' lang='grc' dir='ltr'>τὴν</span> <span class='ocrx_word' id='word_1_32' title='bbox 736 698 920 780; x_wconf 76' lang='grc' dir='ltr'><strong><em>θεραπείαν</em></strong></span> <span class='ocrx_word' id='word_1_33' title='bbox 944 698 1174 780; x_wconf 87' lang='grc' dir='ltr'><strong><em>σκεπτόμενοι,</em></strong></span> <span class='ocrx_word' id='word_1_34' title='bbox 1202 694 1275 761; x_wconf 81' lang='grc' dir='ltr'><strong><em>ἀλλ’</em></strong></span> <span class='ocrx_word' id='word_1_35' title='bbox 1301 697 1358 761; x_wconf 67' lang='grc' dir='ltr'><strong><em>’ίνα</em></strong></span> <span class='ocrx_word' id='word_1_36' title='bbox 1381 699 1425 781; x_wconf 82' lang='grc' dir='ltr'>μὴ</span> <span class='ocrx_word' id='word_1_37' title='bbox 1448 699 1486 763; x_wconf 88' lang='grc' dir='ltr'>τὸ</span> 
     </span>
     <span class='ocr_line' id='line_1_5' title="bbox 176 791 1488 879; baseline 0.002 -23"><span class='ocrx_word' id='word_1_38' title='bbox 176 801 309 857; x_wconf 90' lang='grc' dir='ltr'><strong><em>τοιοῦτο</em></strong></span> <span class='ocrx_word' id='word_1_39' title='bbox 338 805 473 878; x_wconf 80' lang='grc' dir='ltr'><strong><em>πρᾶγμα</em></strong></span> <span class='ocrx_word' id='word_1_40' title='bbox 496 793 688 876; x_wconf 90' lang='grc' dir='ltr'><strong><em>θαυμάσιον</em></strong></span> <span class='ocrx_word' id='word_1_41' title='bbox 711 794 758 868; x_wconf 85' lang='grc' dir='ltr'>είς</span> <span class='ocrx_word' id='word_1_42' title='bbox 782 791 916 875; x_wconf 80' lang='grc' dir='ltr'><em>ὀλίγους</em></span> <span class='ocrx_word' id='word_1_43' title='bbox 943 794 1062 878; x_wconf 73' lang='grc' dir='ltr'><strong><em>κομιδῇ</em></strong></span> <span class='ocrx_word' id='word_1_44' title='bbox 1091 791 1145 857; x_wconf 91' lang='grc' dir='ltr'><strong><em>καὶ</em></strong></span> <span class='ocrx_word' id='word_1_45' title='bbox 1175 796 1251 858; x_wconf 91' lang='grc' dir='ltr'><strong><em>λίαν</em></strong></span> <span class='ocrx_word' id='word_1_46' title='bbox 1279 793 1488 879; x_wconf 86' lang='grc' dir='ltr'><strong><em>ἀριθμουμέ-</em></strong></span> 
     </span>
     <span class='ocr_line' id='line_1_6' title="bbox 175 886 1488 977; baseline 0.003 -24"><span class='ocrx_word' id='word_1_47' title='bbox 175 913 256 966; x_wconf 91' lang='grc' dir='ltr'><strong><em>νους</em></strong></span> <span class='ocrx_word' id='word_1_48' title='bbox 271 889 436 974; x_wconf 89' lang='grc' dir='ltr'><strong><em>άφίκοιτο,</em></strong></span> <span class='ocrx_word' id='word_1_49' title='bbox 456 889 700 976; x_wconf 81' lang='grc' dir='ltr'><strong><em>ἐμφανέστερον</em></strong></span> <span class='ocrx_word' id='word_1_50' title='bbox 720 886 757 954; x_wconf 78' lang='grc' dir='ltr'><strong><em>δέ</em></strong></span> <span class='ocrx_word' id='word_1_51' title='bbox 775 895 903 972; x_wconf 86' lang='grc' dir='ltr'><strong><em>μᾶλλον</em></strong></span> <span class='ocrx_word' id='word_1_52' title='bbox 921 901 991 966; x_wconf 83' lang='grc' dir='ltr'><strong><em>τοῖς</em></strong></span> <span class='ocrx_word' id='word_1_53' title='bbox 1008 893 1139 954; x_wconf 93' lang='grc' dir='ltr'><strong><em>πλείοσι</em></strong></span> <span class='ocrx_word' id='word_1_54' title='bbox 1157 889 1212 954; x_wconf 84' lang='grc' dir='ltr'><strong><em>καὶ</em></strong></span> <span class='ocrx_word' id='word_1_55' title='bbox 1232 892 1488 977; x_wconf 82' lang='grc' dir='ltr'><strong><em>γνωριμώτερον</em></strong></span> 
     </span>
     <span class='ocr_line' id='line_1_7' title="bbox 176 985 1561 1073; baseline 0.002 -22"><span class='ocrx_word' id='word_1_56' title='bbox 176 985 316 1069; x_wconf 89' lang='grc' dir='ltr'><strong><em>γένοιτο.</em></strong></span> <span class='ocrx_word' id='word_1_57' title='bbox 364 987 446 1054; x_wconf 83' lang='lat' dir='ltr'>Sunt</span> <span class='ocrx_word' id='word_1_58' title='bbox 470 989 526 1072; x_wconf 92' lang='lat' dir='ltr'>qui</span> <span class='ocrx_word' id='word_1_59' title='bbox 550 990 681 1054; x_wconf 88' lang='lat' dir='ltr'>omnino</span> <span class='ocrx_word' id='word_1_60' title='bbox 704 989 825 1052; x_wconf 90' lang='lat' dir='ltr'>frustra</span> <span class='ocrx_word' id='word_1_61' title='bbox 849 992 1033 1071; x_wconf 75' lang='lat' dir='ltr'>exspectent</span> <span class='ocrx_word' id='word_1_62' title='bbox 1057 988 1270 1071; x_wconf 75' lang='lat' dir='ltr'>sanationem,</span> <span class='ocrx_word' id='word_1_63' title='bbox 1299 989 1383 1053; x_wconf 92' lang='lat' dir='ltr'>inter</span> <span class='ocrx_word' id='word_1_64' title='bbox 1406 1012 1487 1073; x_wconf 91' lang='lat' dir='ltr'>quos</span> <span class='ocrx_word' id='word_1_65' title='bbox 1556 1016 1561 1026; x_wconf 94' lang='lat'>·</span> 
     </span>
     <span class='ocr_line' id='line_1_8' title="bbox 175 1083 1487 1171; baseline 0.002 -22"><span class='ocrx_word' id='word_1_66' title='bbox 175 1083 328 1149; x_wconf 80' lang='lat' dir='ltr'>Nemesis</span> <span class='ocrx_word' id='word_1_67' title='bbox 352 1086 407 1150; x_wconf 91' lang='lat' dir='ltr'>ille</span> <span class='ocrx_word' id='word_1_68' title='bbox 431 1108 542 1151; x_wconf 88' lang='lat' dir='ltr'>caecus</span> <span class='ocrx_word' id='word_1_69' title='bbox 566 1087 748 1171; x_wconf 80' lang='lat' dir='ltr'>astrologos</span> <span class='ocrx_word' id='word_1_70' title='bbox 772 1090 910 1170; x_wconf 90' lang='lat' dir='ltr'>secutus,</span> <span class='ocrx_word' id='word_1_71' title='bbox 933 1087 1023 1150; x_wconf 90' lang='lat' dir='ltr'>cuius</span> <span class='ocrx_word' id='word_1_72' title='bbox 1047 1086 1196 1151; x_wconf 91' lang='lat' dir='ltr'>manibus</span> <span class='ocrx_word' id='word_1_73' title='bbox 1224 1087 1384 1170; x_wconf 86' lang='lat' dir='ltr'>impositis</span> <span class='ocrx_word' id='word_1_74' title='bbox 1407 1087 1487 1151; x_wconf 87' lang='lat' dir='ltr'>alter</span> 
     </span>
     <span class='ocr_line' id='line_1_9' title="bbox 178 1182 1488 1271; baseline 0.002 -25"><span class='ocrx_word' id='word_1_75' title='bbox 178 1204 291 1247; x_wconf 88' lang='lat' dir='ltr'>caecus</span> <span class='ocrx_word' id='word_1_76' title='bbox 314 1185 444 1249; x_wconf 91' lang='lat' dir='ltr'>nomine</span> <span class='ocrx_word' id='word_1_77' title='bbox 467 1184 625 1250; x_wconf 89' lang='lat' dir='ltr'>Photinus</span> <span class='ocrx_word' id='word_1_78' title='bbox 648 1185 753 1248; x_wconf 82' lang='lat' dir='ltr'>visum</span> <span class='ocrx_word' id='word_1_79' title='bbox 777 1184 891 1268; x_wconf 88' lang='lat' dir='ltr'>recipit</span> <span class='ocrx_word' id='word_1_80' title='bbox 915 1183 982 1270; x_wconf 85' lang='lat'>(28,</span> <span class='ocrx_word' id='word_1_81' title='bbox 996 1182 1184 1271; x_wconf 61' lang='lat' dir='ltr'>35050JD)</span> <span class='ocrx_word' id='word_1_82' title='bbox 1204 1182 1256 1248; x_wconf 85' lang='lat' dir='ltr'>vel</span> <span class='ocrx_word' id='word_1_83' title='bbox 1269 1182 1416 1269; x_wconf 83' lang='lat' dir='ltr'>Agapius</span> <span class='ocrx_word' id='word_1_84' title='bbox 1434 1208 1488 1269; x_wconf 88' lang='lat' dir='ltr'>pa-</span> 
     </span>
    </p>
   </div>
   <div class='ocr_carea' id='block_1_3' title="bbox 177 1281 1587 1369">
    <p class='ocr_par' dir='ltr' id='par_1_3' title="bbox 177 1281 1587 1369">
     <span class='ocr_line' id='line_1_10' title="bbox 177 1281 1587 1369; baseline 0.001 -24"><span class='ocrx_word' id='word_1_85' title='bbox 177 1303 279 1366; x_wconf 89' lang='lat' dir='ltr'>ganus</span> <span class='ocrx_word' id='word_1_86' title='bbox 302 1282 498 1366; x_wconf 87' lang='lat' dir='ltr'>paralyticus</span> <span class='ocrx_word' id='word_1_87' title='bbox 522 1306 540 1346; x_wconf 92' lang='lat' dir='ltr'>a</span> <span class='ocrx_word' id='word_1_88' title='bbox 564 1283 717 1347; x_wconf 91' lang='lat' dir='ltr'>daemone</span> <span class='ocrx_word' id='word_1_89' title='bbox 741 1287 915 1366; x_wconf 87' lang='lat' dir='ltr'>correptus,</span> <span class='ocrx_word' id='word_1_90' title='bbox 939 1281 995 1364; x_wconf 91' lang='lat' dir='ltr'>qui</span> <span class='ocrx_word' id='word_1_91' title='bbox 1019 1282 1096 1345; x_wconf 92' lang='lat' dir='ltr'>dum</span> <span class='ocrx_word' id='word_1_92' title='bbox 1120 1282 1251 1345; x_wconf 91' lang='lat' dir='ltr'>domum</span> <span class='ocrx_word' id='word_1_93' title='bbox 1280 1282 1417 1366; x_wconf 90' lang='lat' dir='ltr'>denique</span> <span class='ocrx_word' id='word_1_94' title='bbox 1440 1306 1487 1346; x_wconf 83' lang='lat' dir='ltr'>re</span> <span class='ocrx_word' id='word_1_95' title='bbox 1584 1362 1587 1369; x_wconf 30' lang='grc' dir='ltr'>Ι</span> 
     </span>
    </p>
   </div>
   <div class='ocr_carea' id='block_1_4' title="bbox 164 1377 1487 4793">
    <p class='ocr_par' dir='ltr' id='par_1_4' title="bbox 172 1377 1487 1953">
     <span class='ocr_line' id='line_1_11' title="bbox 174 1377 1487 1467; baseline 0.002 -25"><span class='ocrx_word' id='word_1_96' title='bbox 174 1382 321 1461; x_wconf 85' lang='lat' dir='ltr'>portatur</span> <span class='ocrx_word' id='word_1_97' title='bbox 344 1384 480 1444; x_wconf 85' lang='lat' dir='ltr'>mortem</span> <span class='ocrx_word' id='word_1_98' title='bbox 509 1381 578 1444; x_wconf 91' lang='lat' dir='ltr'>obit</span> <span class='ocrx_word' id='word_1_99' title='bbox 606 1379 673 1467; x_wconf 89' lang='lat'>(32,</span> <span class='ocrx_word' id='word_1_100' title='bbox 688 1378 730 1444; x_wconf 88' lang='grc'>35</span> <span class='ocrx_word' id='word_1_101' title='bbox 739 1381 781 1443; x_wconf 80' lang='grc'>29</span> <span class='ocrx_word' id='word_1_102' title='bbox 792 1378 843 1467; x_wconf 85' lang='grc' dir='ltr'>Β).</span> <span class='ocrx_word' id='word_1_103' title='bbox 891 1377 1072 1463; x_wconf 81' lang='lat' dir='ltr'>Stephanus</span> <span class='ocrx_word' id='word_1_104' title='bbox 1101 1379 1232 1463; x_wconf 88' lang='lat' dir='ltr'>quidam</span> <span class='ocrx_word' id='word_1_105' title='bbox 1257 1378 1430 1444; x_wconf 86' lang='lat' dir='ltr'>Theodosii</span> <span class='ocrx_word' id='word_1_106' title='bbox 1455 1384 1487 1444; x_wconf 88' lang='lat' dir='ltr'>et</span> 
     </span>
     <span class='ocr_line' id='line_1_12' title="bbox 177 1475 1487 1562; baseline 0.002 -22"><span class='ocrx_word' id='word_1_107' title='bbox 177 1475 287 1541; x_wconf 83' lang='lat' dir='ltr'>Severi</span> <span class='ocrx_word' id='word_1_108' title='bbox 310 1481 449 1541; x_wconf 84' lang='lat' dir='ltr'>sectator</span> <span class='ocrx_word' id='word_1_109' title='bbox 472 1479 573 1543; x_wconf 92' lang='lat' dir='ltr'>oculis</span> <span class='ocrx_word' id='word_1_110' title='bbox 597 1482 710 1562; x_wconf 87' lang='lat' dir='ltr'>captus</span> <span class='ocrx_word' id='word_1_111' title='bbox 734 1500 812 1542; x_wconf 86' lang='lat' dir='ltr'>cena</span> <span class='ocrx_word' id='word_1_112' title='bbox 840 1477 1011 1541; x_wconf 88' lang='lat' dir='ltr'>Dominica</span> <span class='ocrx_word' id='word_1_113' title='bbox 1039 1478 1214 1541; x_wconf 89' lang='lat' dir='ltr'>secundum</span> <span class='ocrx_word' id='word_1_114' title='bbox 1247 1477 1414 1541; x_wconf 90' lang='lat' dir='ltr'>ecclesiam</span> <span class='ocrx_word' id='word_1_115' title='bbox 1438 1500 1487 1542; x_wconf 90' lang='lat' dir='ltr'>ca-</span> 
     </span>
     <span class='ocr_line' id='line_1_13' title="bbox 172 1574 1485 1661; baseline 0.002 -23"><span class='ocrx_word' id='word_1_116' title='bbox 172 1574 326 1638; x_wconf 82' lang='lat' dir='ltr'>tholicam</span> <span class='ocrx_word' id='word_1_117' title='bbox 350 1580 478 1659; x_wconf 87' lang='lat' dir='ltr'>sumpta</span> <span class='ocrx_word' id='word_1_118' title='bbox 501 1580 639 1641; x_wconf 90' lang='lat' dir='ltr'>sanatur.</span> <span class='ocrx_word' id='word_1_119' title='bbox 686 1574 767 1640; x_wconf 80' lang='lat' dir='ltr'>Oum</span> <span class='ocrx_word' id='word_1_120' title='bbox 790 1598 865 1639; x_wconf 86' lang='lat' dir='ltr'>vero</span> <span class='ocrx_word' id='word_1_121' title='bbox 889 1598 908 1640; x_wconf 92' lang='lat' dir='ltr'>a</span> <span class='ocrx_word' id='word_1_122' title='bbox 931 1576 1081 1639; x_wconf 91' lang='lat' dir='ltr'>ministro</span> <span class='ocrx_word' id='word_1_123' title='bbox 1106 1576 1332 1661; x_wconf 87' lang='lat' dir='ltr'>interrogatus,</span> <span class='ocrx_word' id='word_1_124' title='bbox 1354 1599 1432 1640; x_wconf 89' lang='lat' dir='ltr'>num</span> <span class='ocrx_word' id='word_1_125' title='bbox 1452 1577 1485 1641; x_wconf 91' lang='lat' dir='ltr'>in</span> 
     </span>
     <span class='ocr_line' id='line_1_14' title="bbox 172 1672 1484 1759; baseline 0.002 -24"><span class='ocrx_word' id='word_1_126' title='bbox 172 1672 232 1753; x_wconf 86' lang='lat' dir='ltr'>hac</span> <span class='ocrx_word' id='word_1_127' title='bbox 255 1672 318 1736; x_wconf 88' lang='lat' dir='ltr'>fide</span> <span class='ocrx_word' id='word_1_128' title='bbox 341 1695 543 1757; x_wconf 84' lang='lat' dir='ltr'>perseverare</span> <span class='ocrx_word' id='word_1_129' title='bbox 566 1673 673 1758; x_wconf 79' lang='lat' dir='ltr'>vellet,</span> <span class='ocrx_word' id='word_1_130' title='bbox 698 1673 784 1737; x_wconf 91' lang='lat' dir='ltr'>domi</span> <span class='ocrx_word' id='word_1_131' title='bbox 809 1695 843 1736; x_wconf 90' lang='lat' dir='ltr'>se</span> <span class='ocrx_word' id='word_1_132' title='bbox 865 1674 1003 1757; x_wconf 88' lang='lat' dir='ltr'>pristina</span> <span class='ocrx_word' id='word_1_133' title='bbox 1027 1673 1179 1759; x_wconf 84' lang='lat' dir='ltr'>dogmata</span> <span class='ocrx_word' id='word_1_134' title='bbox 1207 1696 1276 1737; x_wconf 94' lang='lat' dir='ltr'>esse</span> <span class='ocrx_word' id='word_1_135' title='bbox 1301 1677 1484 1738; x_wconf 89' lang='lat' dir='ltr'>secuturum</span> 
     </span>
     <span class='ocr_line' id='line_1_15' title="bbox 175 1771 1484 1855; baseline 0.003 -22"><span class='ocrx_word' id='word_1_136' title='bbox 175 1771 397 1854; x_wconf 87' lang='lat' dir='ltr'>responderet,</span> <span class='ocrx_word' id='word_1_137' title='bbox 421 1795 440 1835; x_wconf 86' lang='lat' dir='ltr'>a</span> <span class='ocrx_word' id='word_1_138' title='bbox 466 1771 661 1854; x_wconf 86' lang='lat' dir='ltr'>martyribus</span> <span class='ocrx_word' id='word_1_139' title='bbox 689 1775 726 1834; x_wconf 94' lang='lat' dir='ltr'>ut</span> <span class='ocrx_word' id='word_1_140' title='bbox 753 1771 876 1835; x_wconf 84' lang='lat' dir='ltr'>balneis</span> <span class='ocrx_word' id='word_1_141' title='bbox 903 1775 1047 1836; x_wconf 88' lang='lat' dir='ltr'>uteretur</span> <span class='ocrx_word' id='word_1_142' title='bbox 1075 1772 1259 1836; x_wconf 89' lang='lat' dir='ltr'>admonitus</span> <span class='ocrx_word' id='word_1_143' title='bbox 1288 1795 1369 1855; x_wconf 85' lang='lat' dir='ltr'>quae</span> <span class='ocrx_word' id='word_1_144' title='bbox 1397 1796 1484 1837; x_wconf 90' lang='lat' dir='ltr'>man-</span> 
     </span>
     <span class='ocr_line' id='line_1_16' title="bbox 172 1867 1187 1953; baseline 0.002 -22"><span class='ocrx_word' id='word_1_145' title='bbox 172 1867 324 1933; x_wconf 83' lang='lat' dir='ltr'>daverant</span> <span class='ocrx_word' id='word_1_146' title='bbox 346 1870 496 1953; x_wconf 83' lang='lat' dir='ltr'>perfectis</span> <span class='ocrx_word' id='word_1_147' title='bbox 520 1870 623 1934; x_wconf 90' lang='lat' dir='ltr'>denuo</span> <span class='ocrx_word' id='word_1_148' title='bbox 646 1869 719 1933; x_wconf 80' lang='lat' dir='ltr'>visu</span> <span class='ocrx_word' id='word_1_149' title='bbox 741 1870 895 1952; x_wconf 85' lang='lat' dir='ltr'>privatur.</span> <span class='ocrx_word' id='word_1_150' title='bbox 927 1869 966 1933; x_wconf 88' lang='lat' dir='ltr'>of.</span> <span class='ocrx_word' id='word_1_151' title='bbox 986 1870 1038 1953; x_wconf 85' lang='grc'>38,</span> <span class='ocrx_word' id='word_1_152' title='bbox 1053 1868 1187 1952; x_wconf 71' lang='grc' dir='ltr'>3568ί9.</span> 
     </span>
    </p>

    <p class='ocr_par' dir='ltr' id='par_1_5' title="bbox 166 1965 1483 3422">
     <span class='ocr_line' id='line_1_17' title="bbox 259 1965 1483 2052; baseline 0.002 -22"><span class='ocrx_word' id='word_1_153' title='bbox 259 1965 407 2031; x_wconf 82' lang='lat' dir='ltr'>Alterum</span> <span class='ocrx_word' id='word_1_154' title='bbox 430 1990 489 2052; x_wconf 89' lang='lat' dir='ltr'>pro</span> <span class='ocrx_word' id='word_1_155' title='bbox 513 1967 613 2032; x_wconf 89' lang='lat' dir='ltr'>altero</span> <span class='ocrx_word' id='word_1_156' title='bbox 638 1967 788 2030; x_wconf 83' lang='lat' dir='ltr'>incubare</span> <span class='ocrx_word' id='word_1_157' title='bbox 811 1989 907 2050; x_wconf 90' lang='lat' dir='ltr'>posse</span> <span class='ocrx_word' id='word_1_158' title='bbox 930 1967 1096 2031; x_wconf 90' lang='lat' dir='ltr'>nonnullis</span> <span class='ocrx_word' id='word_1_159' title='bbox 1116 1967 1295 2032; x_wconf 88' lang='lat' dir='ltr'>declaratur</span> <span class='ocrx_word' id='word_1_160' title='bbox 1314 1969 1483 2052; x_wconf 87' lang='lat' dir='ltr'>exemplis:</span> 
     </span>
     <span class='ocr_line' id='line_1_18' title="bbox 171 2065 1482 2149; baseline 0.003 -21"><span class='ocrx_word' id='word_1_161' title='bbox 171 2066 266 2128; x_wconf 89' lang='lat' dir='ltr'>matri</span> <span class='ocrx_word' id='word_1_162' title='bbox 298 2065 474 2130; x_wconf 92' lang='lat' dir='ltr'>remedium</span> <span class='ocrx_word' id='word_1_163' title='bbox 507 2066 680 2148; x_wconf 87' lang='lat' dir='ltr'>indicatur,</span> <span class='ocrx_word' id='word_1_164' title='bbox 713 2087 778 2148; x_wconf 92' lang='lat' dir='ltr'>quo</span> <span class='ocrx_word' id='word_1_165' title='bbox 811 2065 879 2129; x_wconf 88' lang='lat' dir='ltr'>filia</span> <span class='ocrx_word' id='word_1_166' title='bbox 912 2068 1041 2129; x_wconf 90' lang='lat' dir='ltr'>sanetur</span> <span class='ocrx_word' id='word_1_167' title='bbox 1075 2065 1129 2149; x_wconf 93' lang='grc'>10,</span> <span class='ocrx_word' id='word_1_168' title='bbox 1144 2065 1241 2130; x_wconf 88' lang='grc'>3449.</span> <span class='ocrx_word' id='word_1_169' title='bbox 1290 2066 1482 2132; x_wconf 89' lang='lat' dir='ltr'>Parentibus</span> 
     </span>
     <span class='ocr_line' id='line_1_19' title="bbox 173 2160 1483 2249; baseline 0.001 -22"><span class='ocrx_word' id='word_1_170' title='bbox 173 2161 433 2247; x_wconf 85' lang='lat' dir='ltr'>Serapammonis</span> <span class='ocrx_word' id='word_1_171' title='bbox 470 2164 594 2249; x_wconf 84' lang='lat' dir='ltr'>aegroti</span> <span class='ocrx_word' id='word_1_172' title='bbox 630 2166 797 2246; x_wconf 87' lang='lat' dir='ltr'>apparent:</span> <span class='ocrx_word' id='word_1_173' title='bbox 829 2173 927 2227; x_wconf 89' lang='grc' dir='ltr'><strong><em>τοῦτο</em></strong></span> <span class='ocrx_word' id='word_1_174' title='bbox 960 2160 1031 2227; x_wconf 85' lang='grc' dir='ltr'><strong><em>κατ’</em></strong></span> <span class='ocrx_word' id='word_1_175' title='bbox 1076 2164 1159 2248; x_wconf 92' lang='grc' dir='ltr'><strong><em>ὄναρ</em></strong></span> <span class='ocrx_word' id='word_1_176' title='bbox 1197 2164 1363 2247; x_wconf 81' lang='grc' dir='ltr'><strong><em>εἰρηκότες</em></strong></span> <span class='ocrx_word' id='word_1_177' title='bbox 1399 2175 1483 2241; x_wconf 82' lang='grc' dir='ltr'><strong><em>τοῖς</em></strong></span> 
     </span>
     <span class='ocr_line' id='line_1_20' title="bbox 170 2260 1482 2346; baseline 0.001 -22"><span class='ocrx_word' id='word_1_178' title='bbox 170 2261 347 2345; x_wconf 84' lang='grc' dir='ltr'><strong><em>φύσωσιν</em></strong></span> <span class='ocrx_word' id='word_1_179' title='bbox 384 2262 440 2346; x_wconf 90' lang='lat'>22,</span> <span class='ocrx_word' id='word_1_180' title='bbox 459 2260 590 2326; x_wconf 79' lang='lat'>34850.</span> <span class='ocrx_word' id='word_1_181' title='bbox 649 2260 746 2324; x_wconf 90' lang='lat' dir='ltr'>Matri</span> <span class='ocrx_word' id='word_1_182' title='bbox 782 2283 841 2344; x_wconf 88' lang='lat' dir='ltr'>pro</span> <span class='ocrx_word' id='word_1_183' title='bbox 878 2261 946 2325; x_wconf 88' lang='lat' dir='ltr'>fflio</span> <span class='ocrx_word' id='word_1_184' title='bbox 991 2261 1156 2325; x_wconf 88' lang='lat' dir='ltr'>incubanti</span> <span class='ocrx_word' id='word_1_185' title='bbox 1194 2261 1344 2325; x_wconf 86' lang='lat' dir='ltr'>videntur</span> <span class='ocrx_word' id='word_1_186' title='bbox 1380 2264 1482 2325; x_wconf 84' lang='lat' dir='ltr'>sancti</span> 
     </span>
     <span class='ocr_line' id='line_1_21' title="bbox 170 2357 1481 2446; baseline 0.003 -25"><span class='ocrx_word' id='word_1_187' title='bbox 170 2358 221 2441; x_wconf 81' lang='grc'>34,</span> <span class='ocrx_word' id='word_1_188' title='bbox 236 2357 332 2423; x_wconf 85' lang='grc'>3540.</span> <span class='ocrx_word' id='word_1_189' title='bbox 367 2357 483 2446; x_wconf 85' lang='grc' dir='ltr'><strong><em>έτέρφ</em></strong></span> <span class='ocrx_word' id='word_1_190' title='bbox 506 2357 587 2424; x_wconf 81' lang='grc' dir='ltr'><strong><em>τινὶ</em></strong></span> <span class='ocrx_word' id='word_1_191' title='bbox 610 2370 678 2423; x_wconf 85' lang='grc' dir='ltr'>τῶν</span> <span class='ocrx_word' id='word_1_192' title='bbox 706 2357 945 2423; x_wconf 77' lang='grc' dir='ltr'><strong><em>ἀσθενούντων</em></strong></span> <span class='ocrx_word' id='word_1_193' title='bbox 973 2358 1129 2443; x_wconf 75' lang='grc' dir='ltr'><strong><em>ἀδελφῶν</em></strong></span> <span class='ocrx_word' id='word_1_194' title='bbox 1159 2361 1240 2443; x_wconf 90' lang='grc' dir='ltr'><strong><em>ὄναρ</em></strong></span> <span class='ocrx_word' id='word_1_195' title='bbox 1269 2357 1426 2435; x_wconf 75' lang='grc' dir='ltr'><strong><em>ἐλθόντες</em></strong></span> <span class='ocrx_word' id='word_1_196' title='bbox 1449 2361 1481 2425; x_wconf 79' lang='grc' dir='ltr'>ολ</span> 
     </span>
     <span class='ocr_line' id='line_1_22' title="bbox 169 2453 1482 2543; baseline -0.001 -22"><span class='ocrx_word' id='word_1_197' title='bbox 169 2458 272 2539; x_wconf 86' lang='grc' dir='ltr'><strong><em>άγιοι·</em></strong></span> <span class='ocrx_word' id='word_1_198' title='bbox 296 2454 376 2542; x_wconf 73' lang='grc' dir='ltr'><strong><em>εἰπὲ,</em></strong></span> <span class='ocrx_word' id='word_1_199' title='bbox 400 2460 492 2542; x_wconf 89' lang='grc' dir='ltr'><strong><em>φασί,</em></strong></span> <span class='ocrx_word' id='word_1_200' title='bbox 516 2466 555 2542; x_wconf 79' lang='grc' dir='ltr'>τῇ</span> <span class='ocrx_word' id='word_1_201' title='bbox 579 2457 690 2542; x_wconf 82' lang='grc' dir='ltr'><strong><em>βοώση</em></strong></span> <span class='ocrx_word' id='word_1_202' title='bbox 714 2456 816 2543; x_wconf 87' lang='grc' dir='ltr'><strong><em>ταύτη</em></strong></span> <span class='ocrx_word' id='word_1_203' title='bbox 840 2459 1024 2542; x_wconf 85' lang='grc' dir='ltr'><strong><em>μοναστρίηι</em></strong></span> <span class='ocrx_word' id='word_1_204' title='bbox 1046 2507 1052 2521; x_wconf 93' lang='grc'><strong>.</strong></span> <span class='ocrx_word' id='word_1_205' title='bbox 1075 2508 1081 2520; x_wconf 93' lang='grc'><strong>.</strong></span> <span class='ocrx_word' id='word_1_206' title='bbox 1102 2456 1147 2521; x_wconf 87' lang='grc' dir='ltr'>.ὁ</span> <span class='ocrx_word' id='word_1_207' title='bbox 1172 2453 1208 2521; x_wconf 73' lang='grc' dir='ltr'>δὲ</span> <span class='ocrx_word' id='word_1_208' title='bbox 1230 2459 1404 2541; x_wconf 80' lang='grc' dir='ltr'><strong><em>θεωρήσας</em></strong></span> <span class='ocrx_word' id='word_1_209' title='bbox 1422 2458 1482 2521; x_wconf 91' lang='grc' dir='ltr'>τὸν</span> 
     </span>
     <span class='ocr_line' id='line_1_23' title="bbox 170 2552 1481 2641; baseline -0.002 -21"><span class='ocrx_word' id='word_1_210' title='bbox 170 2556 303 2639; x_wconf 91' lang='grc' dir='ltr'><strong><em>ὄνειρον</em></strong></span> <span class='ocrx_word' id='word_1_211' title='bbox 326 2564 365 2641; x_wconf 76' lang='grc' dir='ltr'>τη</span> <span class='ocrx_word' id='word_1_212' title='bbox 388 2556 534 2641; x_wconf 90' lang='grc' dir='ltr'><strong><em>νοσούση</em></strong></span> <span class='ocrx_word' id='word_1_213' title='bbox 557 2563 678 2619; x_wconf 89' lang='grc' dir='ltr'><strong><em>τοῦτον</em></strong></span> <span class='ocrx_word' id='word_1_214' title='bbox 701 2552 774 2638; x_wconf 91' lang='grc' dir='ltr'><strong><em>μεθ’</em></strong></span> <span class='ocrx_word' id='word_1_215' title='bbox 803 2553 912 2619; x_wconf 85' lang='grc' dir='ltr'><strong><em>ύπνον</em></strong></span> <span class='ocrx_word' id='word_1_216' title='bbox 940 2554 1158 2638; x_wconf 78' lang='grc' dir='ltr'><strong><em>ἀπήγγειλεν,</em></strong></span> <span class='ocrx_word' id='word_1_217' title='bbox 1186 2556 1230 2631; x_wconf 79' lang='grc' dir='ltr'><strong><em>ὡς</em></strong></span> <span class='ocrx_word' id='word_1_218' title='bbox 1259 2556 1291 2619; x_wconf 86' lang='grc' dir='ltr'>ολ</span> <span class='ocrx_word' id='word_1_219' title='bbox 1318 2555 1481 2640; x_wconf 90' lang='grc' dir='ltr'><strong><em>μάρτυρες</em></strong></span> 
     </span>
     <span class='ocr_line' id='line_1_24' title="bbox 169 2650 1480 2739; baseline -0.001 -23"><span class='ocrx_word' id='word_1_220' title='bbox 169 2652 258 2739; x_wconf 77' lang='grc' dir='ltr'><strong><em>αύτῷ</em></strong></span> <span class='ocrx_word' id='word_1_221' title='bbox 283 2652 472 2732; x_wconf 75' lang='grc' dir='ltr'><strong><em>διετάξαντο</em></strong></span> <span class='ocrx_word' id='word_1_222' title='bbox 500 2653 553 2737; x_wconf 88' lang='grc'>44,</span> <span class='ocrx_word' id='word_1_223' title='bbox 567 2651 698 2718; x_wconf 81' lang='grc' dir='ltr'>3592Β.</span> <span class='ocrx_word' id='word_1_224' title='bbox 710 2650 742 2715; x_wconf 77' lang='grc' dir='ltr'>(λ.</span> <span class='ocrx_word' id='word_1_225' title='bbox 766 2650 927 2737; x_wconf 82' lang='grc' dir='ltr'><strong><em>φανέντες</em></strong></span> <span class='ocrx_word' id='word_1_226' title='bbox 950 2654 1014 2738; x_wconf 88' lang='grc' dir='ltr'>γάρ</span> <span class='ocrx_word' id='word_1_227' title='bbox 1043 2661 1087 2737; x_wconf 73' lang='grc' dir='ltr'>τῇ</span> <span class='ocrx_word' id='word_1_228' title='bbox 1116 2650 1233 2739; x_wconf 81' lang='grc' dir='ltr'><strong><em>μητρὶ</em></strong></span> <span class='ocrx_word' id='word_1_229' title='bbox 1263 2661 1324 2717; x_wconf 83' lang='grc' dir='ltr'>τοῦ</span> <span class='ocrx_word' id='word_1_230' title='bbox 1351 2652 1480 2736; x_wconf 86' lang='grc' dir='ltr'><strong><em>παιδός,</em></strong></span> 
     </span>
     <span class='ocr_line' id='line_1_25' title="bbox 168 2749 1480 2836; baseline -0.001 -21"><span class='ocrx_word' id='word_1_231' title='bbox 168 2752 213 2828; x_wconf 84' lang='grc' dir='ltr'><strong><em>ὡς</em></strong></span> <span class='ocrx_word' id='word_1_232' title='bbox 245 2750 441 2835; x_wconf 77' lang='grc' dir='ltr'><strong><em>ἐκάθευδεν,</em></strong></span> <span class='ocrx_word' id='word_1_233' title='bbox 474 2760 595 2817; x_wconf 88' lang='grc' dir='ltr'><strong><em>τοῦτον</em></strong></span> <span class='ocrx_word' id='word_1_234' title='bbox 625 2754 763 2836; x_wconf 85' lang='grc' dir='ltr'><strong><em>χρίειν.</em></strong></span> <span class='ocrx_word' id='word_1_235' title='bbox 788 2749 1072 2836; x_wconf 88' lang='grc' dir='ltr'><strong><em>..προσέταττον</em></strong></span> <span class='ocrx_word' id='word_1_236' title='bbox 1104 2749 1157 2834; x_wconf 84' lang='grc'>54,</span> <span class='ocrx_word' id='word_1_237' title='bbox 1179 2749 1311 2815; x_wconf 77' lang='grc'>36246.</span> <span class='ocrx_word' id='word_1_238' title='bbox 1366 2749 1480 2814; x_wconf 90' lang='lat' dir='ltr'>loanni</span> 
     </span>
     <span class='ocr_line' id='line_1_26' title="bbox 168 2846 1480 2933; baseline 0 -21"><span class='ocrx_word' id='word_1_239' title='bbox 168 2849 302 2914; x_wconf 90' lang='lat' dir='ltr'>diacono</span> <span class='ocrx_word' id='word_1_240' title='bbox 335 2872 392 2932; x_wconf 91' lang='lat' dir='ltr'>per</span> <span class='ocrx_word' id='word_1_241' title='bbox 424 2871 572 2914; x_wconf 91' lang='lat' dir='ltr'>somnum</span> <span class='ocrx_word' id='word_1_242' title='bbox 605 2849 763 2932; x_wconf 89' lang='lat' dir='ltr'>imperant</span> <span class='ocrx_word' id='word_1_243' title='bbox 795 2852 966 2932; x_wconf 83' lang='lat' dir='ltr'>martyres,</span> <span class='ocrx_word' id='word_1_244' title='bbox 1000 2852 1038 2911; x_wconf 87' lang='lat' dir='ltr'>ut</span> <span class='ocrx_word' id='word_1_245' title='bbox 1072 2852 1241 2933; x_wconf 89' lang='lat' dir='ltr'>aegrotum</span> <span class='ocrx_word' id='word_1_246' title='bbox 1274 2846 1480 2912; x_wconf 81' lang='lat' dir='ltr'>Theodomm</span> 
     </span>
     <span class='ocr_line' id='line_1_27' title="bbox 167 2944 1480 3031; baseline -0.001 -20"><span class='ocrx_word' id='word_1_247' title='bbox 167 2948 325 3031; x_wconf 84' lang='lat' dir='ltr'>Byzantio</span> <span class='ocrx_word' id='word_1_248' title='bbox 353 2949 387 3012; x_wconf 92' lang='lat' dir='ltr'>in</span> <span class='ocrx_word' id='word_1_249' title='bbox 414 2947 571 3031; x_wconf 88' lang='lat' dir='ltr'>templum</span> <span class='ocrx_word' id='word_1_250' title='bbox 600 2968 695 3010; x_wconf 91' lang='lat' dir='ltr'>suum</span> <span class='ocrx_word' id='word_1_251' title='bbox 722 2950 873 3010; x_wconf 88' lang='lat' dir='ltr'>arcessat:</span> <span class='ocrx_word' id='word_1_252' title='bbox 892 2944 1033 3029; x_wconf 79' lang='grc' dir='ltr'><strong><em>Ἰωάνην</em></strong></span> <span class='ocrx_word' id='word_1_253' title='bbox 1061 2947 1120 3010; x_wconf 92' lang='grc' dir='ltr'>τὸν</span> <span class='ocrx_word' id='word_1_254' title='bbox 1146 2947 1367 3010; x_wconf 91' lang='grc' dir='ltr'><strong><em>διάκονον..</em></strong></span> <span class='ocrx_word' id='word_1_255' title='bbox 1392 2997 1398 3010; x_wconf 92' lang='grc'><strong>.</strong></span> <span class='ocrx_word' id='word_1_256' title='bbox 1423 2947 1480 3029; x_wconf 91' lang='grc' dir='ltr'>δη-</span> 
     </span>
     <span class='ocr_line' id='line_1_28' title="bbox 168 3042 1478 3131; baseline -0.002 -21"><span class='ocrx_word' id='word_1_257' title='bbox 168 3050 251 3110; x_wconf 88' lang='grc' dir='ltr'><strong><em>λοῦν</em></strong></span> <span class='ocrx_word' id='word_1_258' title='bbox 288 3045 377 3131; x_wconf 78' lang='grc' dir='ltr'><strong><em>αὐτῷ</em></strong></span> <span class='ocrx_word' id='word_1_259' title='bbox 416 3043 460 3109; x_wconf 86' lang='grc' dir='ltr'>δι’</span> <span class='ocrx_word' id='word_1_260' title='bbox 502 3044 670 3109; x_wconf 83' lang='grc' dir='ltr'><strong><em>ἐνυπνίων</em></strong></span> <span class='ocrx_word' id='word_1_261' title='bbox 706 3045 931 3130; x_wconf 83' lang='grc' dir='ltr'><strong><em>παρώτρυναν</em></strong></span> <span class='ocrx_word' id='word_1_262' title='bbox 963 3045 1008 3118; x_wconf 87' lang='grc' dir='ltr'><strong><em>ὡς</em></strong></span> <span class='ocrx_word' id='word_1_263' title='bbox 1040 3043 1162 3119; x_wconf 83' lang='grc' dir='ltr'><strong><em>αὐτοὺς</em></strong></span> <span class='ocrx_word' id='word_1_264' title='bbox 1191 3042 1306 3108; x_wconf 77' lang='grc' dir='ltr'><strong><em>ἐλθεῖν</em></strong></span> <span class='ocrx_word' id='word_1_265' title='bbox 1333 3042 1387 3108; x_wconf 84' lang='grc' dir='ltr'><strong><em>καλ</em></strong></span> <span class='ocrx_word' id='word_1_266' title='bbox 1416 3061 1478 3108; x_wconf 89' lang='grc' dir='ltr'><strong><em>σω-</em></strong></span> 
     </span>
     <span class='ocr_line' id='line_1_29' title="bbox 167 3136 1476 3228; baseline -0.002 -21"><span class='ocrx_word' id='word_1_267' title='bbox 167 3147 286 3228; x_wconf 91' lang='grc' dir='ltr'><strong><em>τηρίαν</em></strong></span> <span class='ocrx_word' id='word_1_268' title='bbox 318 3145 511 3226; x_wconf 84' lang='grc' dir='ltr'><strong><em>κομίζεσθαι</em></strong></span> <span class='ocrx_word' id='word_1_269' title='bbox 545 3140 602 3222; x_wconf 90' lang='grc'>60,</span> <span class='ocrx_word' id='word_1_270' title='bbox 616 3140 703 3203; x_wconf 89' lang='grc'>3636</span> <span class='ocrx_word' id='word_1_271' title='bbox 714 3141 750 3204; x_wconf 92' lang='grc' dir='ltr'>Β.</span> <span class='ocrx_word' id='word_1_272' title='bbox 791 3142 823 3204; x_wconf 84' lang='grc' dir='ltr'>ολ</span> <span class='ocrx_word' id='word_1_273' title='bbox 858 3136 895 3204; x_wconf 79' lang='grc' dir='ltr'><strong><em>δέ</em></strong></span> <span class='ocrx_word' id='word_1_274' title='bbox 930 3141 1094 3225; x_wconf 89' lang='grc' dir='ltr'><strong><em>μάρτυρες</em></strong></span> <span class='ocrx_word' id='word_1_275' title='bbox 1126 3140 1245 3215; x_wconf 88' lang='grc' dir='ltr'><strong><em>νυκτὸς</em></strong></span> <span class='ocrx_word' id='word_1_276' title='bbox 1278 3138 1476 3224; x_wconf 83' lang='grc' dir='ltr'><strong><em>ἀφικόμενοι</em></strong></span> 
     </span>
     <span class='ocr_line' id='line_1_30' title="bbox 166 3234 1476 3326; baseline -0.002 -22"><span class='ocrx_word' id='word_1_277' title='bbox 166 3249 212 3326; x_wconf 79' lang='grc' dir='ltr'>τῷ</span> <span class='ocrx_word' id='word_1_278' title='bbox 243 3236 305 3324; x_wconf 71' lang='grc' dir='ltr'>μὲν</span> <span class='ocrx_word' id='word_1_279' title='bbox 337 3241 502 3325; x_wconf 79' lang='grc' dir='ltr'><strong><em>οἰκονόμῳ</em></strong></span> <span class='ocrx_word' id='word_1_280' title='bbox 534 3238 734 3302; x_wconf 83' lang='grc' dir='ltr'><strong><em>καθεύδοντι</em></strong></span> <span class='ocrx_word' id='word_1_281' title='bbox 767 3238 828 3320; x_wconf 81' lang='grc' dir='ltr'>τὴν</span> <span class='ocrx_word' id='word_1_282' title='bbox 861 3239 1009 3323; x_wconf 80' lang='grc' dir='ltr'><strong><em>ἰατρείαν</em></strong></span> <span class='ocrx_word' id='word_1_283' title='bbox 1042 3235 1217 3302; x_wconf 81' lang='grc' dir='ltr'><strong><em>ἐπέταττον</em></strong></span> <span class='ocrx_word' id='word_1_284' title='bbox 1255 3234 1327 3321; x_wconf 86' lang='lat' dir='ltr'>(pro</span> <span class='ocrx_word' id='word_1_285' title='bbox 1360 3237 1476 3324; x_wconf 88' lang='lat' dir='ltr'>altero)</span> 
     </span>
     <span class='ocr_line' id='line_1_31' title="bbox 167 3335 368 3422; baseline 0 -22"><span class='ocrx_word' id='word_1_286' title='bbox 167 3337 219 3422; x_wconf 81' lang='grc'>67,</span> <span class='ocrx_word' id='word_1_287' title='bbox 234 3336 321 3401; x_wconf 87' lang='grc'>3656</span> <span class='ocrx_word' id='word_1_288' title='bbox 331 3335 368 3400; x_wconf 88' lang='grc' dir='ltr'>Β.</span> 
     </span>
    </p>

    <p class='ocr_par' dir='ltr' id='par_1_6' title="bbox 164 3432 1477 4793">
     <span class='ocr_line' id='line_1_32' title="bbox 254 3432 1476 3519; baseline -0.002 -21"><span class='ocrx_word' id='word_1_289' title='bbox 254 3433 421 3519; x_wconf 81' lang='lat' dir='ltr'>Apparent</span> <span class='ocrx_word' id='word_1_290' title='bbox 445 3433 547 3498; x_wconf 87' lang='lat' dir='ltr'>sancti</span> <span class='ocrx_word' id='word_1_291' title='bbox 571 3434 666 3498; x_wconf 88' lang='lat' dir='ltr'>etiam</span> <span class='ocrx_word' id='word_1_292' title='bbox 690 3436 781 3497; x_wconf 87' lang='lat' dir='ltr'>extra</span> <span class='ocrx_word' id='word_1_293' title='bbox 804 3433 970 3498; x_wconf 90' lang='lat' dir='ltr'>ecclesiam</span> <span class='ocrx_word' id='word_1_294' title='bbox 994 3456 1097 3498; x_wconf 91' lang='lat' dir='ltr'>suam:</span> <span class='ocrx_word' id='word_1_295' title='bbox 1126 3432 1322 3518; x_wconf 84' lang='lat' dir='ltr'>defatigatus</span> <span class='ocrx_word' id='word_1_296' title='bbox 1346 3433 1476 3517; x_wconf 90' lang='lat' dir='ltr'>quidam</span> 
     </span>
     <span class='ocr_line' id='line_1_33' title="bbox 166 3530 1477 3618; baseline 0 -22"><span class='ocrx_word' id='word_1_297' title='bbox 166 3537 316 3618; x_wconf 90' lang='lat' dir='ltr'>aegrotus</span> <span class='ocrx_word' id='word_1_298' title='bbox 343 3535 425 3598; x_wconf 89' lang='grc' dir='ltr'><strong><em>κατά</em></strong></span> <span class='ocrx_word' id='word_1_299' title='bbox 452 3533 513 3597; x_wconf 89' lang='grc' dir='ltr'>τὸν</span> <span class='ocrx_word' id='word_1_300' title='bbox 540 3531 600 3610; x_wconf 81' lang='grc' dir='ltr'>ἔξω</span> <span class='ocrx_word' id='word_1_301' title='bbox 629 3539 686 3614; x_wconf 77' lang='grc' dir='ltr'><strong><em>τῆς</em></strong></span> <span class='ocrx_word' id='word_1_302' title='bbox 716 3530 888 3615; x_wconf 80' lang='grc' dir='ltr'><strong><em>ἐκκλησίας</em></strong></span> <span class='ocrx_word' id='word_1_303' title='bbox 918 3532 1078 3615; x_wconf 88' lang='grc' dir='ltr'><strong><em>άνεκλίθη</em></strong></span> <span class='ocrx_word' id='word_1_304' title='bbox 1108 3535 1288 3617; x_wconf 79' lang='grc' dir='ltr'><strong><em>περίβολον</em></strong></span> <span class='ocrx_word' id='word_1_305' title='bbox 1317 3582 1323 3594; x_wconf 93' lang='grc'><strong>.</strong></span> <span class='ocrx_word' id='word_1_306' title='bbox 1349 3582 1355 3595; x_wconf 92' lang='grc'><strong>.</strong></span> <span class='ocrx_word' id='word_1_307' title='bbox 1380 3582 1386 3595; x_wconf 95' lang='grc'><em>.</em></span> <span class='ocrx_word' id='word_1_308' title='bbox 1411 3530 1477 3596; x_wconf 77' lang='grc' dir='ltr'><strong><em>ἐκεῖ</em></strong></span> 
     </span>
     <span class='ocr_line' id='line_1_34' title="bbox 165 3627 1474 3716; baseline -0.002 -21"><span class='ocrx_word' id='word_1_309' title='bbox 165 3627 203 3695; x_wconf 76' lang='grc' dir='ltr'><strong><em>δέ</em></strong></span> <span class='ocrx_word' id='word_1_310' title='bbox 225 3641 334 3695; x_wconf 86' lang='grc' dir='ltr'><strong><em>πᾶσαν</em></strong></span> <span class='ocrx_word' id='word_1_311' title='bbox 356 3633 417 3715; x_wconf 82' lang='grc' dir='ltr'>την</span> <span class='ocrx_word' id='word_1_312' title='bbox 445 3630 549 3695; x_wconf 91' lang='grc' dir='ltr'><strong><em>νύκτα</em></strong></span> <span class='ocrx_word' id='word_1_313' title='bbox 572 3629 660 3716; x_wconf 76' lang='grc' dir='ltr'><strong><em>αὐτῷ</em></strong></span> <span class='ocrx_word' id='word_1_314' title='bbox 684 3630 931 3713; x_wconf 84' lang='grc' dir='ltr'><strong><em>καθευδήσαντι</em></strong></span> <span class='ocrx_word' id='word_1_315' title='bbox 953 3628 1021 3694; x_wconf 85' lang='grc' dir='ltr'><strong><em>κατ’</em></strong></span> <span class='ocrx_word' id='word_1_316' title='bbox 1051 3629 1133 3714; x_wconf 91' lang='grc' dir='ltr'><strong><em>ὄναρ</em></strong></span> <span class='ocrx_word' id='word_1_317' title='bbox 1158 3680 1164 3693; x_wconf 90' lang='grc'><strong>.</strong></span> <span class='ocrx_word' id='word_1_318' title='bbox 1189 3680 1195 3693; x_wconf 90' lang='grc'><strong>.</strong></span> <span class='ocrx_word' id='word_1_319' title='bbox 1220 3681 1227 3694; x_wconf 90' lang='grc'><strong>.</strong></span> <span class='ocrx_word' id='word_1_320' title='bbox 1255 3632 1474 3714; x_wconf 91' lang='grc' dir='ltr'><strong><em>παρίστανται</em></strong></span> 
     </span>
     <span class='ocr_line' id='line_1_35' title="bbox 166 3726 1476 3814; baseline -0.002 -22"><span class='ocrx_word' id='word_1_321' title='bbox 166 3729 329 3814; x_wconf 91' lang='grc' dir='ltr'><strong><em>μάρτυρες</em></strong></span> <span class='ocrx_word' id='word_1_322' title='bbox 355 3729 404 3813; x_wconf 88' lang='grc'>14,</span> <span class='ocrx_word' id='word_1_323' title='bbox 419 3728 506 3792; x_wconf 86' lang='grc'>3468</span> <span class='ocrx_word' id='word_1_324' title='bbox 517 3726 555 3792; x_wconf 88' lang='grc' dir='ltr'>Α.</span> <span class='ocrx_word' id='word_1_325' title='bbox 592 3727 706 3793; x_wconf 91' lang='lat' dir='ltr'>Ioanni</span> <span class='ocrx_word' id='word_1_326' title='bbox 729 3732 803 3791; x_wconf 90' lang='lat' dir='ltr'>ante</span> <span class='ocrx_word' id='word_1_327' title='bbox 825 3727 983 3811; x_wconf 86' lang='lat' dir='ltr'>templum</span> <span class='ocrx_word' id='word_1_328' title='bbox 1007 3726 1179 3791; x_wconf 90' lang='lat' dir='ltr'>dormienti</span> <span class='ocrx_word' id='word_1_329' title='bbox 1203 3730 1275 3790; x_wconf 89' lang='lat' dir='ltr'>octo</span> <span class='ocrx_word' id='word_1_330' title='bbox 1301 3727 1393 3790; x_wconf 90' lang='lat' dir='ltr'>annis</span> <span class='ocrx_word' id='word_1_331' title='bbox 1418 3727 1476 3790; x_wconf 92' lang='lat' dir='ltr'>ibi-</span> 
     </span>
     <span class='ocr_line' id='line_1_36' title="bbox 166 3824 1475 3912; baseline 0 -23"><span class='ocrx_word' id='word_1_332' title='bbox 166 3827 237 3889; x_wconf 93' lang='lat' dir='ltr'>dem</span> <span class='ocrx_word' id='word_1_333' title='bbox 260 3827 397 3910; x_wconf 86' lang='lat' dir='ltr'>peractis</span> <span class='ocrx_word' id='word_1_334' title='bbox 420 3826 585 3891; x_wconf 84' lang='lat' dir='ltr'>videntur:</span> <span class='ocrx_word' id='word_1_335' title='bbox 610 3825 800 3902; x_wconf 86' lang='grc' dir='ltr'><strong><em>ἐπιστάντες</em></strong></span> <span class='ocrx_word' id='word_1_336' title='bbox 823 3835 908 3909; x_wconf 89' lang='grc' dir='ltr'><strong><em>γοῦν</em></strong></span> <span class='ocrx_word' id='word_1_337' title='bbox 931 3825 1020 3912; x_wconf 76' lang='grc' dir='ltr'><strong><em>αὐτῷ</em></strong></span> <span class='ocrx_word' id='word_1_338' title='bbox 1051 3826 1186 3908; x_wconf 86' lang='grc' dir='ltr'><strong><em>νυκτός,</em></strong></span> <span class='ocrx_word' id='word_1_339' title='bbox 1210 3826 1254 3902; x_wconf 84' lang='grc' dir='ltr'><strong><em>ὡς</em></strong></span> <span class='ocrx_word' id='word_1_340' title='bbox 1282 3824 1475 3908; x_wconf 87' lang='grc' dir='ltr'><strong><em>ἐκάθευδεν,</em></strong></span> 
     </span>
     <span class='ocr_line' id='line_1_37' title="bbox 166 3921 1474 4011; baseline -0.002 -23"><span class='ocrx_word' id='word_1_341' title='bbox 166 3925 227 4007; x_wconf 81' lang='grc' dir='ltr'>τὴν</span> <span class='ocrx_word' id='word_1_342' title='bbox 251 3924 368 4007; x_wconf 84' lang='grc' dir='ltr'><strong><em>ὑγείαν</em></strong></span> <span class='ocrx_word' id='word_1_343' title='bbox 390 3923 571 4011; x_wconf 87' lang='grc' dir='ltr'><strong><em>παρέχουσι</em></strong></span> <span class='ocrx_word' id='word_1_344' title='bbox 596 3923 648 4006; x_wconf 88' lang='grc'>69,</span> <span class='ocrx_word' id='word_1_345' title='bbox 663 3922 799 3987; x_wconf 80' lang='grc'>36611).</span> <span class='ocrx_word' id='word_1_346' title='bbox 837 3921 975 4009; x_wconf 78' lang='lat' dir='ltr'>Georgio</span> <span class='ocrx_word' id='word_1_347' title='bbox 1004 3924 1037 3988; x_wconf 92' lang='lat' dir='ltr'>in</span> <span class='ocrx_word' id='word_1_348' title='bbox 1064 3923 1178 4006; x_wconf 87' lang='lat' dir='ltr'>templi</span> <span class='ocrx_word' id='word_1_349' title='bbox 1206 3922 1332 3986; x_wconf 89' lang='lat' dir='ltr'>latrinis</span> <span class='ocrx_word' id='word_1_350' title='bbox 1360 3944 1474 3986; x_wconf 90' lang='lat' dir='ltr'>somno</span> 
     </span>
     <span class='ocr_line' id='line_1_38' title="bbox 166 4020 1473 4105; baseline 0 -22"><span class='ocrx_word' id='word_1_351' title='bbox 166 4042 320 4105; x_wconf 92' lang='lat' dir='ltr'>oppresso</span> <span class='ocrx_word' id='word_1_352' title='bbox 345 4044 378 4086; x_wconf 92' lang='lat' dir='ltr'>se</span> <span class='ocrx_word' id='word_1_353' title='bbox 402 4024 542 4086; x_wconf 88' lang='lat' dir='ltr'>offerunt</span> <span class='ocrx_word' id='word_1_354' title='bbox 569 4025 765 4103; x_wconf 89' lang='lat' dir='ltr'>monentque</span> <span class='ocrx_word' id='word_1_355' title='bbox 788 4042 874 4104; x_wconf 90' lang='lat' dir='ltr'>eum,</span> <span class='ocrx_word' id='word_1_356' title='bbox 898 4021 992 4085; x_wconf 90' lang='lat' dir='ltr'>utin</span> <span class='ocrx_word' id='word_1_357' title='bbox 1020 4021 1203 4085; x_wconf 88' lang='lat' dir='ltr'>stramentis</span> <span class='ocrx_word' id='word_1_358' title='bbox 1232 4021 1298 4085; x_wconf 91' lang='lat' dir='ltr'>suis</span> <span class='ocrx_word' id='word_1_359' title='bbox 1321 4020 1473 4105; x_wconf 73' lang='lat' dir='ltr'>dormiat,</span> 
     </span>
     <span class='ocr_line' id='line_1_39' title="bbox 164 4116 1473 4201; baseline -0.003 -16"><span class='ocrx_word' id='word_1_360' title='bbox 164 4125 214 4185; x_wconf 91' lang='lat' dir='ltr'>ter</span> <span class='ocrx_word' id='word_1_361' title='bbox 236 4123 380 4186; x_wconf 90' lang='lat' dir='ltr'>monitus</span> <span class='ocrx_word' id='word_1_362' title='bbox 404 4119 653 4187; x_wconf 70' lang='lat' dir='ltr'>dedecorasset</span> <span class='ocrx_word' id='word_1_363' title='bbox 676 4119 858 4201; x_wconf 84' lang='grc' dir='ltr'><strong><em>ἁλλόμενος</em></strong></span> <span class='ocrx_word' id='word_1_364' title='bbox 880 4116 980 4196; x_wconf 80' lang='grc' dir='ltr'><strong><em>ἔξεισι</em></strong></span> <span class='ocrx_word' id='word_1_365' title='bbox 1004 4117 1107 4183; x_wconf 78' lang='grc' dir='ltr'><strong><em>ἐκεῖσε</em></strong></span> <span class='ocrx_word' id='word_1_366' title='bbox 1136 4122 1335 4196; x_wconf 73' lang='grc' dir='ltr'><strong><em>καταλείψας</em></strong></span> <span class='ocrx_word' id='word_1_367' title='bbox 1357 4121 1394 4182; x_wconf 90' lang='grc' dir='ltr'>τὸ</span> <span class='ocrx_word' id='word_1_368' title='bbox 1418 4120 1473 4182; x_wconf 87' lang='grc' dir='ltr'>νό-</span> 
     </span>
     <span class='ocr_line' id='line_1_40' title="bbox 165 4214 1472 4304; baseline -0.005 -20"><span class='ocrx_word' id='word_1_369' title='bbox 165 4237 251 4304; x_wconf 92' lang='grc' dir='ltr'><strong><em>σημα</em></strong></span> <span class='ocrx_word' id='word_1_370' title='bbox 278 4219 331 4302; x_wconf 85' lang='grc'>56,</span> <span class='ocrx_word' id='word_1_371' title='bbox 346 4219 432 4282; x_wconf 85' lang='grc'>3628</span> <span class='ocrx_word' id='word_1_372' title='bbox 444 4219 482 4283; x_wconf 91' lang='grc' dir='ltr'>Ι).</span> <span class='ocrx_word' id='word_1_373' title='bbox 533 4218 701 4284; x_wconf 86' lang='lat' dir='ltr'>Theodoro</span> <span class='ocrx_word' id='word_1_374' title='bbox 736 4214 949 4280; x_wconf 82' lang='lat' dir='ltr'>Alexandriae</span> <span class='ocrx_word' id='word_1_375' title='bbox 977 4216 1012 4279; x_wconf 87' lang='lat' dir='ltr'>iu</span> <span class='ocrx_word' id='word_1_376' title='bbox 1042 4214 1214 4299; x_wconf 86' lang='lat' dir='ltr'>Tetrapylo</span> <span class='ocrx_word' id='word_1_377' title='bbox 1243 4214 1321 4301; x_wconf 86' lang='lat' dir='ltr'>(quo</span> <span class='ocrx_word' id='word_1_378' title='bbox 1354 4215 1472 4278; x_wconf 89' lang='lat' dir='ltr'>missus</span> 
     </span>
     <span class='ocr_line' id='line_1_41' title="bbox 165 4310 1472 4399; baseline -0.005 -18"><span class='ocrx_word' id='word_1_379' title='bbox 165 4321 232 4382; x_wconf 86' lang='lat' dir='ltr'>erat</span> <span class='ocrx_word' id='word_1_380' title='bbox 260 4341 279 4382; x_wconf 89' lang='lat' dir='ltr'>a</span> <span class='ocrx_word' id='word_1_381' title='bbox 307 4318 438 4399; x_wconf 86' lang='lat' dir='ltr'>sanctis,</span> <span class='ocrx_word' id='word_1_382' title='bbox 466 4340 495 4380; x_wconf 87' lang='lat' dir='ltr'>v.</span> <span class='ocrx_word' id='word_1_383' title='bbox 514 4316 535 4380; x_wconf 94' lang='lat' dir='ltr'>l.</span> <span class='ocrx_word' id='word_1_384' title='bbox 555 4339 578 4381; x_wconf 87' lang='lat' dir='ltr'>s.</span> <span class='ocrx_word' id='word_1_385' title='bbox 599 4315 635 4381; x_wconf 79' lang='lat'>0:</span> <span class='ocrx_word' id='word_1_386' title='bbox 664 4320 795 4381; x_wconf 87' lang='grc' dir='ltr'><strong><em>είσελθε</em></strong></span> <span class='ocrx_word' id='word_1_387' title='bbox 823 4322 908 4396; x_wconf 89' lang='grc' dir='ltr'><strong><em>γοῦν</em></strong></span> <span class='ocrx_word' id='word_1_388' title='bbox 936 4315 982 4390; x_wconf 80' lang='grc' dir='ltr'>εἰς</span> <span class='ocrx_word' id='word_1_389' title='bbox 1005 4311 1256 4398; x_wconf 85' lang='grc' dir='ltr'><strong><em>Ἀλεξάνδρειαν</em></strong></span> <span class='ocrx_word' id='word_1_390' title='bbox 1283 4310 1337 4376; x_wconf 82' lang='grc' dir='ltr'><strong><em>καὶ</em></strong></span> <span class='ocrx_word' id='word_1_391' title='bbox 1366 4310 1472 4399; x_wconf 77' lang='grc' dir='ltr'><strong><em>ἐντῷ</em></strong></span> 
     </span>
     <span class='ocr_line' id='line_1_42' title="bbox 164 4408 1471 4502; baseline -0.005 -21"><span class='ocrx_word' id='word_1_392' title='bbox 164 4416 295 4502; x_wconf 79' lang='grc' dir='ltr'><strong><em>μεγάλῳ</em></strong></span> <span class='ocrx_word' id='word_1_393' title='bbox 327 4415 519 4500; x_wconf 83' lang='grc' dir='ltr'><strong><em>τετραπύλφ</em></strong></span> <span class='ocrx_word' id='word_1_394' title='bbox 549 4423 663 4497; x_wconf 78' lang='grc' dir='ltr'><strong><em>νῆστις</em></strong></span> <span class='ocrx_word' id='word_1_395' title='bbox 693 4413 746 4498; x_wconf 88' lang='lat' dir='ltr'>[cf.</span> <span class='ocrx_word' id='word_1_396' title='bbox 776 4436 807 4496; x_wconf 90' lang='lat' dir='ltr'>p.</span> <span class='ocrx_word' id='word_1_397' title='bbox 828 4411 870 4474; x_wconf 83' lang='grc'>14</span> <span class='ocrx_word' id='word_1_398' title='bbox 880 4410 940 4496; x_wconf 93' lang='lat' dir='ltr'>sq.]</span> <span class='ocrx_word' id='word_1_399' title='bbox 975 4408 1201 4497; x_wconf 84' lang='grc' dir='ltr'><strong><em>καθεύδησον)</em></strong></span> <span class='ocrx_word' id='word_1_400' title='bbox 1235 4431 1293 4494; x_wconf 92' lang='lat' dir='ltr'>per</span> <span class='ocrx_word' id='word_1_401' title='bbox 1322 4431 1471 4474; x_wconf 92' lang='lat' dir='ltr'>somnum</span> 
     </span>
     <span class='ocr_line' id='line_1_43' title="bbox 165 4505 1470 4598; baseline -0.005 -22"><span class='ocrx_word' id='word_1_402' title='bbox 165 4517 332 4598; x_wconf 89' lang='lat' dir='ltr'>apparent:</span> <span class='ocrx_word' id='word_1_403' title='bbox 357 4515 452 4596; x_wconf 88' lang='grc' dir='ltr'><strong><em>άφνω</em></strong></span> <span class='ocrx_word' id='word_1_404' title='bbox 476 4511 636 4596; x_wconf 90' lang='grc' dir='ltr'><strong><em>φανέντες</em></strong></span> <span class='ocrx_word' id='word_1_405' title='bbox 660 4513 692 4576; x_wconf 86' lang='grc' dir='ltr'>ολ</span> <span class='ocrx_word' id='word_1_406' title='bbox 714 4512 879 4596; x_wconf 91' lang='grc' dir='ltr'><strong><em>μάρτυρες</em></strong></span> <span class='ocrx_word' id='word_1_407' title='bbox 903 4515 970 4574; x_wconf 88' lang='grc' dir='ltr'><strong><em>κτλ.</em></strong></span> <span class='ocrx_word' id='word_1_408' title='bbox 994 4509 1047 4591; x_wconf 88' lang='grc'>36,</span> <span class='ocrx_word' id='word_1_409' title='bbox 1061 4506 1149 4572; x_wconf 88' lang='grc'>3560</span> <span class='ocrx_word' id='word_1_410' title='bbox 1158 4507 1197 4571; x_wconf 93' lang='lat' dir='ltr'>D.</span> <span class='ocrx_word' id='word_1_411' title='bbox 1244 4505 1470 4571; x_wconf 80' lang='lat' dir='ltr'>Christodoms</span> 
     </span>
     <span class='ocr_line' id='line_1_44' title="bbox 165 4604 1473 4695; baseline -0.003 -23"><span class='ocrx_word' id='word_1_412' title='bbox 165 4612 200 4672; x_wconf 91' lang='lat' dir='ltr'>in</span> <span class='ocrx_word' id='word_1_413' title='bbox 222 4611 344 4675; x_wconf 88' lang='lat' dir='ltr'>Mareia</span> <span class='ocrx_word' id='word_1_414' title='bbox 367 4614 481 4695; x_wconf 85' lang='lat' dir='ltr'>stagno</span> <span class='ocrx_word' id='word_1_415' title='bbox 505 4632 562 4693; x_wconf 89' lang='lat' dir='ltr'>per</span> <span class='ocrx_word' id='word_1_416' title='bbox 584 4613 808 4692; x_wconf 90' lang='lat' dir='ltr'>tempestatem</span> <span class='ocrx_word' id='word_1_417' title='bbox 835 4606 1033 4692; x_wconf 86' lang='lat' dir='ltr'>periclitatus</span> <span class='ocrx_word' id='word_1_418' title='bbox 1061 4609 1217 4688; x_wconf 85' lang='lat' dir='ltr'>martyres</span> <span class='ocrx_word' id='word_1_419' title='bbox 1247 4604 1413 4668; x_wconf 88' lang='lat' dir='ltr'>adorabat:</span> <span class='ocrx_word' id='word_1_420' title='bbox 1437 4605 1473 4669; x_wconf 89' lang='grc' dir='ltr'>οί</span> 
     </span>
     <span class='ocr_line' id='line_1_45' title="bbox 167 4701 1470 4793; baseline -0.005 -21"><span class='ocrx_word' id='word_1_421' title='bbox 167 4704 204 4772; x_wconf 73' lang='grc' dir='ltr'>δὲ</span> <span class='ocrx_word' id='word_1_422' title='bbox 226 4717 284 4793; x_wconf 78' lang='grc' dir='ltr'><strong><em>τῆς</em></strong></span> <span class='ocrx_word' id='word_1_423' title='bbox 308 4708 444 4785; x_wconf 88' lang='grc' dir='ltr'><strong><em>ίκετείας</em></strong></span> <span class='ocrx_word' id='word_1_424' title='bbox 467 4707 668 4783; x_wconf 85' lang='grc' dir='ltr'><strong><em>ἀκούσαντες</em></strong></span> <span class='ocrx_word' id='word_1_425' title='bbox 689 4713 816 4772; x_wconf 82' lang='grc' dir='ltr'><strong><em>θάττον</em></strong></span> <span class='ocrx_word' id='word_1_426' title='bbox 839 4703 1034 4788; x_wconf 86' lang='grc' dir='ltr'><strong><em>ἐπέστησαν·</em></strong></span> <span class='ocrx_word' id='word_1_427' title='bbox 1064 4710 1167 4791; x_wconf 88' lang='grc' dir='ltr'><strong><em>είργει</em></strong></span> <span class='ocrx_word' id='word_1_428' title='bbox 1189 4704 1252 4787; x_wconf 82' lang='grc' dir='ltr'>γάρ</span> <span class='ocrx_word' id='word_1_429' title='bbox 1277 4701 1387 4767; x_wconf 80' lang='grc' dir='ltr'><strong><em>αὐτῶν</em></strong></span> <span class='ocrx_word' id='word_1_430' title='bbox 1408 4703 1470 4785; x_wconf 84' lang='grc' dir='ltr'>τὴν</span> 
     </span>
    </p>
   </div>
   <div class='ocr_carea' id='block_1_5' title="bbox 0 0 1652 5190">
    <p class='ocr_par' dir='ltr' id='par_1_7' title="bbox 0 0 1652 5190">
     <span class='ocr_line' id='line_1_46' title="bbox 0 0 1652 5190; baseline 0 5"><span class='ocrx_word' id='word_1_431' title='bbox 0 0 1652 5190; x_wconf 95' lang='lat' dir='ltr'> </span> 
     </span>
    </p>
   </div>
  </div>
 </body>
</html>
