3294 5190
215 341 277 403 102
784 336 875 406 Caput
892 336 937 391 IV.

212 528 240 569 v.
256 506 307 587 26,
323 503 401 566 206:
424 499 620 566 Aretarchus
645 500 799 585 sophista,
823 501 877 583 qui
897 522 914 564 e
932 500 1063 565 renibus
1081 499 1258 584 laborabat,
1280 503 1419 585 ἔτυχε..
1436 521 1524 567 ,σω-

211 605 325 687 τηρίας
348 602 436 686 παρά
460 609 517 683 τῆς
540 600 706 683 μάρτυρος
729 598 885 682 εἰπούσης
908 599 1044 663 ἔσεσθαι
1063 599 1240 684 φάρμακον
1258 599 1345 685 αὐτῷ
1365 597 1421 664 καὶ
1441 602 1524 676 ἀκος

211 711 271 766 τοῦ
294 698 427 775 πάθους
449 697 696 776 ἀψευδέστατον
718 697 798 761 ἀλλο
822 692 883 780 μὲν
906 693 1007 760 οὐδὲν
1029 695 1049 779 ἢ
1072 697 1109 761 τὸ
1134 706 1306 762 ννκτιαῖον
1323 707 1384 762 τοῦ
1408 699 1523 781 φωτὸς

212 808 271 864 τοῦ
294 795 349 863 καλ
372 798 432 861 τὸν
454 795 555 880 αὐτῆς
577 795 845 878 καταλάμποντος
868 792 918 858 ἀεὶ
942 804 1052 880 χῶρον
1075 796 1187 858 ἔλαιον
1211 790 1264 879 (cf.
1283 817 1313 878 p.
1333 795 1386 878 82,
1401 794 1438 883 2)
1459 847 1465 860 .
1487 847 1494 860 .
1516 848 1523 861 .

212 905 269 979 τῆς
295 892 356 980 μὲν
390 895 506 969 ἰάσεως
538 895 646 976 ἔτυχε,
679 900 736 975 τῆς
768 888 805 956 dt
837 890 987 974 ἀσεβείας
1014 892 1075 956 οὐκ
1108 890 1310 975 ἀπηλλάγη.
1334 942 1342 957 .
1366 944 1372 957 .
1397 893 1427 958 εὁ
1456 896 1522 979 γάρ

213 994 490 1078 Σαρπηδόνιός
522 991 605 1074 μοι’,
637 993 733 1074 φησί,
762 990 810 1052 ‘ab
844 992 979 1072 ζητῆσαί
1007 1013 1042 1054 τε
1071 987 1147 1074 παρ’
1184 989 1285 1073 αὐτῆς
1316 988 1371 1054 καί
1403 995 1523 1075 λαβεῖν

211 1088 476 1177 προσε’ταξεν’Ι
522 1087 636 1171 Itaque
659 1087 834 1151 christiana
858 1109 930 1150 cum
959 1086 1095 1151 ethnicis
1124 1108 1157 1151 se
1184 1086 1317 1152 miscere
1344 1110 1410 1153 non
1439 1090 1522 1154 desi-

210 1192 300 1252 nunt.
338 1187 472 1251 Maximi
490 1208 566 1251 vero
587 1208 666 1268 quae
686 1186 724 1249 de
744 1184 905 1249 Seleuciae
925 1184 1054 1249 oraculo
1073 1185 1245 1249 traduntur
1268 1190 1343 1250 sunt
1362 1188 1521 1252 momenti

211 1290 389 1370 propterea,
418 1285 503 1368 quod
531 1285 593 1348 hoc
622 1283 693 1347 loco
722 1284 821 1346 trium
849 1281 1042 1368 religionum
1071 1306 1151 1366 quae
1180 1283 1263 1348 inter
1291 1306 1324 1349 se
1354 1285 1523 1370 excipiunt

211 1384 349 1468 vestigia
385 1404 555 1466 possumus
589 1382 754 1466 indagare:
791 1380 976 1465 chthoniae,
1013 1380 1219 1467 Apollineae,
1251 1381 1458 1469 christianae,
1488 1385 1522 1448 id

212 1482 297 1566 quod
317 1481 510 1565 exprimitur
529 1478 703 1563 Sarpedon,
726 1477 855 1562 Apollo,
879 1478 997 1543 Thecla
1015 1479 1209 1543 nominibus.
1248 1478 1328 1544 Cum
1346 1481 1386 1544 ad
1405 1483 1522 1566 populi

211 1579 314 1663 ipsius
337 1580 433 1643 fidem
457 1578 604 1661 respicis,
629 1576 794 1660 Sarpedon
816 1599 991 1660 numquam
1019 1577 1059 1640 ab
1082 1574 1235 1660 ApoHine
1263 1581 1312 1641 est
1339 1601 1522 1664 repressus3

210 1699 285 1740 nam
318 1678 345 1741 is
378 1677 461 1761 ipse,
490 1699 556 1740 non
592 1674 710 1759 Lycius
745 1675 836 1759 deus,
869 1698 887 1738 a
918 1678 1059 1760 martyra
1092 1673 1268 1739 christiana
1303 1677 1521 1742 continuatur.

211 1773 281 1851 Qua
304 1797 337 1838 re
361 1775 465 1838 denuo
490 1774 670 1838 declaratur
692 1773 795 1837 multo
824 1773 949 1836 firmius
974 1771 1168 1837 Graecorum
1200 1773 1320 1857 populo
1349 1775 1537 1858 mysticam

211 1872 300 1936 illam
324 1872 456 1936 insitam
479 1872 579 1936 fuisse
598 1870 788 1956 religionem
813 1869 999 1935 chthoniam
1019 1893 1115 1955 quam
1138 1870 1274 1936 hilarem
1294 1870 1521 1957 Olympiorum

211 1970 421 2054 splendorem.

301 2067 454 2152 Superest
476 2073 514 2132 ut
537 2069 576 2132 de
599 2071 702 2132 morte
725 2065 861 2131 Theclae
885 2089 986 2152 pauca
1009 2067 1172 2150 addamus,
1194 2066 1234 2130 de
1258 2090 1321 2151 qua
1343 2067 1487 2134 Basilius
1506 2070 1522 2134 Ι

211 2190 242 2251 p.
261 2168 324 2231 122
335 2190 381 2251 sq.
406 2167 519 2230 scribit
541 2166 632 2231 haec:
657 2165 818 2250 ἐκοιμήθη
841 2164 918 2249 μέν,
941 2165 991 2241 ὡς
1018 2164 1036 2229 ὁ
1064 2166 1186 2240 πολὺς
1213 2163 1278 2229 καὶ
1306 2165 1522 2249 ἀληθέστε-

211 2288 280 2349 ρος
304 2268 436 2348 λόγος,
460 2264 627 2349 οὐδαμῶς,
651 2266 720 2328 sev
743 2259 784 2327 δὲ
812 2267 910 2342 ζῶσα
933 2261 987 2327 καί
1010 2263 1228 2344 ὑπεισῆλθε
1250 2264 1312 2346 τὴν
1334 2273 1408 2348 γῆν,
1432 2265 1522 2330 οὕτω

211 2371 256 2449 τῷ
284 2369 356 2449 Θεῷ
381 2362 482 2441 δόξαν
502 2364 713 2444 ἀιαστηναί
733 2384 767 2426 τε
791 2361 873 2446 αὐτη
892 2358 946 2425 καί
969 2359 1247 2446 ὑπορραγηναι
1270 2364 1331 2443 τὴν
1353 2371 1418 2445 γῆν
1441 2361 1522 2427 ἐκεί-

210 2485 269 2546 νη,
288 2461 325 2525 ἐν
353 2453 440 2547 ᾧπερ
465 2463 554 2546 τόπῳ
573 2461 593 2542 ἡ
619 2463 696 2523 θεία
714 2457 769 2523 καί
790 2461 861 2545 ίερά
879 2459 934 2523 καί
954 2459 1179 2543 λειτουργικὸς
1196 2457 1320 2542 πέπηγε
1338 2460 1459 2545 τράπεζ

212 2557 266 2623 καί
290 2560 413 2635 παντὸς
435 2555 496 2643 μὲν
515 2559 658 2640 πάθους,
681 2558 787 2640 πάσης
806 2554 843 2622 δὲ
863 2557 1047 2644 ἀρρωστίας
1066 2556 1213 2621 αὐτόθεν
1236 2555 1371 2640 ἀφιεῖσα
1393 2561 1522 2641 πηγάς

210 2659 390 2742 ἰαμάτων
419 2707 426 2722 .
450 2708 456 2721 .
480 2706 487 2721 .
516 2657 561 2732 ὡς
589 2650 674 2721 εἶναι
703 2656 906 2739 πάνδημον
931 2657 1108 2741 ἰατρεῖον
1136 2656 1195 2719 τὸν
1223 2657 1334 2720 τόπον.
1381 2654 1521 2732 Quibus-

212 2777 286 2819 cum
316 2758 392 2817 sunt
425 2753 629 2833 conferenda,
659 2754 797 2837 quaein
824 2752 918 2816 Pauli
953 2756 984 2816 et
1016 2752 1153 2816 Theclae
1183 2757 1327 2817 actorum
1354 2754 1419 2817 fine
1440 2776 1522 2818 non-

211 2852 311 2917 nullis
335 2851 498 2917 codicibus
522 2852 700 2916 traduntur.
745 2851 928 2917 Narrautur
955 2850 1040 2915 enim
1068 2848 1193 2937 haec¹):
1218 2849 1381 2915 Seleuciae
1403 2852 1521 2916 medici

212 2951 440 3015 detrimentum
465 2949 647 3034 capiebant,
671 2950 747 3034 quia
775 2949 894 3013 Thecla
926 2971 1006 3033 quae
1035 2949 1069 3012 in
1098 2970 1194 3032 specu
1221 2947 1389 3013 habitabat
1417 2972 1521 3033 prope

209 3050 322 3112 urbem
354 3049 416 3112 sita
448 3048 562 3134 gratiis
594 3048 726 3112 curabat
763 3048 918 3112 infirmos.
963 3046 1097 3110 Iuvenes
1121 3047 1222 3131 igitur
1244 3047 1284 3111 ad
1308 3048 1520 3131 stuprandum

210 3152 354 3212 sanctam
386 3147 558 3231 miserrmt,
591 3169 654 3230 quo
687 3147 772 3210 facto
803 3145 969 3231 Theclam,
1003 3168 1098 3230 quam
1129 3146 1306 3210 Artemidis
1334 3147 1520 3212 ministram

209 3268 279 3310 esse
309 3246 481 3330 putabant,
511 3245 577 3309 vim
606 3244 804 3308 salutiferam
833 3245 1029 3308 defecturam
1057 3267 1125 3309 esse
1158 3245 1337 3329 sperabant.
1385 3244 1521 3310 Summo

209 3344 242 3406 in
267 3343 409 3427 periculo
434 3343 521 3406 Deus
545 3343 696 3406 adoratus
715 3343 850 3426 martyri
869 3341 947 3406 haec
966 3344 1138 3426 respondet
1162 3342 1194 3430 (e
1213 3344 1321 3407 codice
1340 3343 1521 3432 Gp.272):

209 3442 253 3525 μὴ
277 3445 431 3526 φοβηθῇς
455 3492 461 3504 .
487 3493 492 3505 .
518 3493 524 3505 .
554 3443 605 3505 ίίἰε
629 3441 713 3505 ὅπου
735 3439 896 3528 ἀνέῳκται
918 3440 1108 3526 ἔμπροσθέν
1131 3460 1208 3525 σου,
1237 3441 1305 3506 ἐκεῖ
1330 3444 1394 3526 γάρ
1428 3437 1522 3519 οἶκος

212 3539 349 3614 αἰώνιος
372 3541 462 3602 ἔσται
482 3556 545 3621 σοι,
568 3537 661 3603 κάκεῖ
683 3540 743 3621 τὴν
763 3538 936 3617 ἐπίσκεψιν
955 3538 1042 3624 (λέχη.
1061 3537 1116 3603 καί
1141 3591 1147 3603 .
1168 3589 1201 3603 ..
1227 3537 1334 3604 Θέκλα
1363 3540 1435 3605 rosv
1458 3542 1522 3624 τὴν

208 3635 334 3719 πέτραν
363 3635 637 3723 ἀνεμχθεῖσαν
664 3637 744 3701 ὅσον
772 3649 873 3723 χωρεῖ
899 3639 1082 3723 ἀνθρωπον
1111 3635 1278 3702 εἰσιέναι.
1303 3689 1309 3701 .
1337 3636 1423 3703 .καί
1447 3688 1455 3703 .
1481 3691 1488 3703 .
1513 3692 1520 3704 .

209 3736 400 3817 εἰσῆλθεν
430 3737 486 3811 εἰς
515 3737 585 3819 την
621 3733 778 3819 πέτραν·
807 3734 862 3798 καί
895 3739 1114 3819 συνεκλείσθη
1143 3735 1247 3812 εὐθὺς
1276 3733 1423 3821 ἡπίτρα
1449 3744 1520 3804 κτλ.

212 3834 250 3895 cf.
266 3831 361 3896 ABG
381 3855 405 3897 c.
425 3833 477 3916 44,
492 3832 514 3895 4
532 3856 562 3915 p.
578 3831 656 3895 270:
679 3835 821 3917 προνοίᾳ
840 3829 876 3896 dt
895 3840 980 3897 θεοῦ
999 3835 1155 3916 εἰσηλθεν
1173 3832 1211 3897 ἐν
1228 3844 1268 3918 τῇ
1285 3832 1389 3920 πέτρᾳ
1407 3838 1521 3921 ζῶσα,

207 3929 262 3994 καὶ
286 3932 347 4014 την
370 3940 447 4015 γῆν
470 3927 635 4015 ὑπέβηά).
682 3929 720 3992 cf.
746 3927 883 3994 Simeon.
907 3929 1116 4015 Metaphrast.
1140 3932 1195 3995 vit.
1215 3930 1322 3995 Thecl.
1346 3932 1379 3995 in
1402 3932 1521 3998 Basilii

208 4029 349 4092 editione
373 4052 403 4112 p.
424 4027 503 4091 290:
528 4027 590 4113 ὁρᾷ
611 4025 680 4091 κατ’
708 4028 788 4105 ὄψιν
810 4028 934 4115 πέτραν
957 4032 1233 4110 ὃιανοιγεῖσαν
1253 4080 1259 4092 .
1279 4079 1286 4093 .
1305 4079 1312 4093 .
1332 4029 1438 4106 εὐθὺς
1457 4081 1465 4096 .
1485 4082 1521 4098 ..

210 4128 257 4203 εἰς
285 4129 356 4211 την
382 4122 528 4211 πέτραν
560 4123 682 4190 ἐσέδν.
729 4125 817 4203 Quae
846 4127 926 4192 actis
955 4127 1066 4190 insunt
1098 4149 1136 4191 ex
1164 4127 1218 4212 iis,
1245 4150 1326 4212 quae
1355 4125 1520 4195 Seleuciae

299 4392 324 4459 1)
343 4390 377 4444 cf.
397 4390 470 4446 Acta
488 4391 678 4460 apostolorum
698 4392 858 4462 apocrypha
877 4392 939 4445 edd.
959 4391 1071 4461 Lipsius
1090 4395 1119 4448 et
1132 4393 1243 4447 Bonnet
1261 4393 1274 4446 I
1292 4413 1319 4465 p.
1335 4399 1387 4447 270
1398 4411 1458 4464 sqq.

298 4473 324 4540 2)
344 4470 475 4538 Sequitur
502 4470 548 4525 hic
576 4472 700 4526 narratio
728 4473 763 4526 de
793 4473 974 4526 subterraneo
1003 4472 1124 4528 Theclae
1152 4472 1254 4527 itinere
1285 4474 1403 4528 Romam
1431 4475 1522 4548 facto,

208 4567 265 4618 qua
279 4551 314 4604 de
328 4568 357 4604 re
376 4554 451 4606 recte
470 4553 589 4606 fortasse
608 4552 747 4606 iudicavit
763 4551 875 4621 Lipsius
894 4551 947 4605 Die
962 4553 1058 4622 apokr.
1073 4552 1285 4623 Apostelgesch.
1301 4571 1327 4608 u.
1342 4554 1522 4628 Apostelleg.

208 4631 233 4683 11
249 4637 262 4683 1
278 4650 304 4700 p.
320 4638 384 4685 432:
403 4633 464 4699 „Es
484 4634 547 4703 ltcpt
564 4635 643 4699 nabe,
666 4634 697 4686 ιἰι
720 4633 768 4687 der
792 4633 855 4686 betr.
880 4633 1043 4703 Erac'c‘blunp
1066 4633 1119 4688 dea
1142 4634 1260 4690 Versuch
1282 4649 1317 4689 κν
1341 4634 1449 4703 finden,
1473 4637 1522 4694 die

209 4711 326 4768 Gcbcc'ue
344 4713 370 4768 ά,
390 4712 521 4785 Ηοῖῖῖςοκ
538 4715 588 4781 fur
606 4713 679 4769 Rom
698 4728 733 4768 ιν
752 4713 936 4770 ακκοολῖνικῖί.
