3294 5190
554 337 595 390 De
614 336 794 390 incubatione
813 336 973 390 christiana.
1378 339 1419 401 79

207 497 369 583 Superest,
394 503 430 562 ut
455 521 654 583 quaeramus,
678 523 754 563 num
777 498 927 583 Byzantii
950 499 985 561 in
1012 499 1091 561 urbe
1113 497 1263 563 Dioscuri
1286 499 1421 564 fortasse

114 596 213 660 simili
237 597 332 660 modo
356 619 413 679 per
437 596 677 661 incubationem
701 596 884 661 curaverint
914 600 1077 681 aegrotos3
1105 619 1169 679 qua
1197 620 1235 660 ex
1263 619 1297 660 16
1325 598 1420 661 611661

114 694 231 758 6161166
256 694 441 778 explicetur,
466 696 627 777 quomodo
651 695 722 758 fieri
744 695 896 777 potuerit,
919 697 956 758 ut
980 698 1136 777 martyres
1166 694 1330 758 christiani
1354 699 1420 758 tam

113 795 181 855 6116
192 792 232 855 ad
246 793 321 856 deos
336 793 388 856 vel
402 792 514 857 heroes
531 791 667 857 Graecos
688 815 721 856 se
735 792 975 876 applicaverint.
1003 791 1117 875 Neque
1131 791 1191 856 hac
1210 793 1244 854 in
1258 815 1292 856 re
1307 793 1420 856 desunt

112 890 308 954 testimonia.
341 889 475 976 Legitur
498 890 583 954 enim
605 890 690 973 apud
710 889 909 973 Hesychium
936 889 1099 953 Milesium
1122 888 1163 953 15
1183 888 1270 954 rHc
1293 889 1340 955 IV
1357 891 1419 954 149

113 985 212 1074 (unde
236 986 341 1052 fluunt
370 1011 451 1071 quae
475 991 602 1052 exstant
630 988 663 1051 in
697 986 819 1051 Codino
852 986 901 1051 De
934 987 1113 1072 originibus
1147 985 1324 1070 Cpolitanis
1348 1011 1420 1074 pag.

112 1087 142 1168 6,
164 1080 204 1148 15
233 1087 280 1150 ed.
303 1085 420 1172 Bonn.)
449 1085 524 1151 hoo:
553 1097 621 1151 τῶν
649 1083 685 1150 δὲ
719 1086 994 1171 Διοσκούρων,
1027 1087 1231 1171 Κάστορός
1264 1085 1306 1150 τέ
1336 1111 1420 1171 φημι

111 1181 174 1247 καὶ
204 1185 498 1267 Πολυδεύκους,
526 1183 582 1271 (so.
603 1182 775 1270 templum)
799 1183 836 1248 ε’ν
863 1191 908 1270 τῷ
936 1191 993 1265 τῆς
1022 1181 1211 1269 Σεμέστρης
1238 1186 1338 1271 βωμῷ
1365 1183 1420 1249 καὶ

111 1291 150 1366 τῇ
174 1293 241 1346 τῶν
263 1280 451 1367 ποταμῶνῙ)
475 1280 561 1366 μίξει
585 1280 642 1367 (sc.
666 1282 824 1345 exstruxit
846 1278 978 1366 Byzas),
1002 1279 1043 1345 ἐν
1067 1272 1093 1367 ᾧ
1116 1279 1179 1344 καὶ
1210 1281 1322 1357 λύσις
1345 1293 1420 1346 τῶν

110 1385 249 1445 παθῶν
272 1391 356 1456 τοῖς
379 1380 610 1466 ἀνθρώποις
633 1379 796 1463 ἐγίνετο.
843 1377 925 1442 Sane
948 1377 1000 1441 hic
1028 1377 1112 1440 nihil
1135 1378 1253 1442 dicitur
1277 1379 1314 1442 de
1338 1402 1420 1443 som·

110 1478 182 1560 niis,
207 1478 241 1540 in
264 1478 380 1562 quibus
404 1481 578 1562 appareant
601 1477 760 1560 Dioscuri,
784 1481 892 1540 tamen
914 1477 1030 1541 lacuna
1053 1476 1199 1559 expletur
1222 1476 1323 1540 altero
1346 1477 1419 1542 loco

112 1575 146 1637 16
170 1574 301 1639 scholiis
325 1576 366 1639 ad
388 1575 534 1640 Persium
553 1575 647 1640 1156
666 1599 696 1660 p.
716 1575 760 1640 20
778 1574 927 1639 Β11661161.
947 1575 1041 1639 nobis
1061 1578 1199 1638 servato:
1223 1575 1300 1653 ,6111
1317 1580 1420 1640 uatem

114 1673 240 1755 ‘fratres
263 1674 368 1739 oeaos’
393 1674 550 1740 Pollucem
573 1680 602 1739 et
626 1672 782 1740 Castorem
805 1671 863 1760 (sc.
887 1695 955 1738 esse
978 1670 1118 1760 putant),
1141 1673 1195 1754 qui
1219 1674 1335 1755 fratres
1355 1675 1420 1756 foe-

110 1777 186 1836 1661
212 1777 240 1836 61
266 1773 437 1854 aliquando
464 1778 567 1838 66616
594 1771 712 1838 Ρ61666
740 1772 948 1837 Macedoniae
979 1792 1078 1854 repem
1106 1772 1330 1835 nontiaverunt
1359 1773 1420 1835 oio-

110 1866 216 1954 tam²)‚
240 1871 276 1933 in
299 1891 429 1952 quorum
457 1872 566 1952 templo
593 1872 820 1936 6616616166
848 1871 1071 1951 interpretes
1097 1868 1204 1933 boteri
1230 1871 1338 1947 661661,
1366 1871 1420 1951 qui

106 1989 204 2050 puros
227 1970 385 2050 66116116
412 1970 515 2034 61666
538 1970 697 2034 bominum
720 1968 936 2051 6666661661.“
983 1965 1064 2031 Cum
1095 1967 1293 2031 somniorum
1323 1967 1420 2031 inter-

109 2070 216 2149 pretes
248 2067 283 2130 in
312 2065 544 2131 Dioscurorum
579 2068 700 2152 templo
733 2067 940 2149 haberentur,
973 2065 1117 2149 sequitur
1146 2066 1303 2148 templum
1339 2065 1419 2128 illud

111 2164 238 2228 somnia
261 2164 438 2248 accipiendi
462 2187 557 2230 causa
580 2166 619 2229 ab
643 2164 829 2230 hominibus
852 2164 1090 2247 frequentatum
1115 2161 1223 2250 esse3).
1256 2162 1318 2227 Per
1337 2185 1420 2227 som-

109 2283 188 2325 num
216 2267 323 2326 autem
354 2263 450 2327 6116111
479 2268 633 2328 6616166
663 2285 730 2327 6666
757 2262 904 2326 homines
933 2285 951 2325 a
978 2260 1144 2326 Dioscuris
1172 2260 1275 2325 elucet
1304 2283 1342 2324 ex
1369 2262 1418 2344 iis,

110 2382 191 2442 quae
223 2359 243 2423 l.
273 2383 297 2425 s.
330 2365 494 2425 secuntur:
527 2383 613 2446 „cum
646 2361 786 2425 Romami
810 2361 988 2443 pestilentia
1018 2359 1201 2437 laborarent,
1234 2357 1365 2424 Castor
1387 2365 1420 2423 et

109 2456 248 2522 Potina
270 2459 310 2522 im
332 2460 491 2524 somniis
516 2460 665 2541 66661616
692 2464 924 2536 1666661661,
952 2458 1085 2539 quibos
1112 2458 1286 2522 remediis
1313 2479 1418 2522 6616-

108 2555 264 2620 166166(
314 2555 483 2641 Templum
518 2556 599 2620 illud
630 2556 861 2621 Dioscurorum
893 2555 1114 2619 Romanorum
1147 2555 1181 2617 16
1215 2555 1286 2618 foro
1320 2556 1418 2618 situm

109 2674 177 2740 esse
207 2655 421 2718 notissimum.
479 2654 587 2739 Atque
622 2655 761 2719 maxime
795 2654 889 2719 nobis
924 2654 1051 2717 videtur
1089 2653 1298 2717 memorabile
1332 2652 1418 2716 haud

108 2751 222 2834 procul
246 2753 285 2816 ab
311 2775 348 2816 eo
372 2775 469 2837 supra
497 2758 603 2817 vetere
631 2753 763 2818 Romuli
791 2775 880 2817 sacro
908 2754 999 2816 iuxta
1026 2751 1191 2817 basilicam
1216 2750 1418 2816 Constantini

110 2850 310 2933 temporibus
340 2851 573 2935 posterioribus
606 2852 771 2916 ecclesiam
805 2855 1001 2916 exstructam
1033 2873 1099 2915 6666
1130 2872 1170 2915 66.
1199 2848 1354 2914 (1666166
1383 2856 1419 2915 61

108 2944 300 3031 Damiani,
329 2949 502 3013 eorundem
530 2972 761 3035 anargyrornm
795 2949 1029 3033 Romanorum,
1062 2971 1142 3031 quos
1176 2948 1288 3013 eodem
1321 2948 1416 3012 modo

107 3049 204 3128 atque
233 3045 356 3110 Arabes
386 3069 444 3131 per
474 3048 713 3112 incubationem
746 3069 873 3111 sanasse
903 3050 1052 3131 aegrotos
1089 3068 1126 3109 ex
1157 3043 1315 3110 Actorum
1345 3046 1416 3109 Ioco

108 3164 204 3225 supra
237 3141 281 3227 (p.
302 3142 359 3230 69)
400 3143 623 3208 conclusimus.
682 3143 751 3207 Iam
788 3143 876 3207 vides
914 3145 954 3206 ad
985 3142 1215 3207 Dioscurorum
1259 3141 1416 3224 templum

107 3237 289 3307 Romanum
313 3241 467 3325 migrasse
491 3245 648 3326 aegrotos,
674 3245 708 3304 61
727 3263 784 3323 per
807 3262 955 3304 somnum
979 3240 1119 3303 remedia
1142 3239 1203 3304 sibi
1222 3239 1416 3323 indicentur,

107 3337 264 3420 templum
288 3361 398 3402 eorum
421 3339 636 3423 Byzantinum
667 3339 778 3402 eodem
809 3338 931 3403 scilicet
959 3338 1093 3403 consilio
1122 3338 1162 3401 ab
1187 3338 1326 3422 aegrotis
1354 3337 1416 3400 fre-

107 3437 329 3520 quentabatur,
355 3437 486 3503 0666166
510 3442 542 3502 61
559 3436 736 3501 Damianus
755 3437 904 3502 Dioscuri
929 3438 1021 3520 quasi
1044 3436 1209 3501 christiani
1229 3435 1340 3499 itidem
1359 3458 1417 3519 per

68 3557 70 3561 ·
107 3555 255 3598 somnum
271 3536 303 3598 in
319 3559 408 3602 sacro
424 3535 514 3623 suo4)
530 3536 705 3601 visitabant
721 3536 879 3600 infirmos:
893 3535 1025 3600 nomina
1039 3538 1213 3616 mutantur,
1228 3538 1416 3617 permanent

106 3633 246 3716 numina,
269 3640 436 3718 permanet
457 3657 516 3700 166.

199 3830 224 3896 1)
245 3827 316 3882 Sunt
335 3829 449 3896 quidem
469 3828 594 3898 Cydams
614 3832 643 3883 61
662 3828 814 3898 Barbyses3
834 3826 868 3883 cf.
888 3828 953 3883 Η66.
967 3833 982 3881 3
998 3847 1024 3898 p.
1037 3833 1095 3882 147:
1120 3824 1190 3897 peel
1209 3825 1259 3896 plu
1278 3823 1416 3899 Ἀργείους

105 3907 233 3974 πρώτους
253 3953 257 3962 .
279 3951 285 3962 .
306 3954 311 3964 .
331 3908 476 3976 πήξασθαι
495 3909 545 3971 τὰς
564 3907 684 3976 οἰκήσεις
702 3909 732 3964 ἐν
752 3907 848 3982 ἐκείνῳ
866 3914 904 3982 τῷ
923 3906 1022 3982 χωρίῳ,
1042 3901 1113 3981 1νῷ
1138 3907 1298 3976 Κύδαρύς
1319 3910 1415 3962 τεκαὶ

107 3987 285 4057 Βαρβύσης
309 3991 430 4057 ποταμοὶ
452 3989 504 4052 τὰς
526 3987 672 4053 διεξόδους
694 3997 842 4044 ποιοῦνται
863 4035 867 4045 .
889 4031 894 4042 .
916 3988 1013 4044 ,κατὰ
1035 3990 1086 4043 τδυ
1108 3997 1157 4058 τῆς
1180 3986 1329 4059 λεγομένης
1353 3992 1414 4042 Σε-

105 4064 248 4136 μέστρης
266 4069 377 4138 νύμφης
395 4070 507 4140 βωμὸν
524 4077 557 4140 τῇ
576 4069 705 4140 θαλάσσῃ
725 4070 895 4139 μιγνύμενοι.

195 4151 222 4217 2)
242 4148 276 4202 of.
297 4148 351 4203 Cio.
372 4149 406 4203 N.
421 4150 453 4205 D.
468 4150 534 4218 112,
549 4156 577 4204 6:
597 4151 648 4217 „P.
669 4151 741 4204 enim
767 4150 904 4216 Vatinius,
925 4195 929 4205 .
947 4195 951 4205 .
969 4195 973 4204 .
989 4167 1050 4204 6616
1069 4151 1273 4218 eprueseoturu
1292 4149 1414 4204 Reatino

105 4229 223 4283 Romam
241 4231 360 4284 venienti
378 4235 477 4285 66616
496 4229 551 4284 duo
569 4232 677 4285 iuvenes
695 4247 757 4283 6661
775 4231 870 4299 equis
893 4230 963 4284 albis
982 4231 1115 4284 dixissent
1132 4247 1220 4300 repem
1239 4231 1348 4283 Persem
1366 4230 1414 4284 iilo

105 4309 150 4363 die
167 4315 287 4378 captum,
305 4311 414 4365 senatui
432 4311 600 4365 nuntiavit.“

196 4393 223 4458 3)
243 4389 288 4442 Sic
307 4389 432 4459 Memphi
452 4406 562 4458 quoque
581 4389 611 4442 in
631 4390 753 4460 Sarapeo
773 4388 985 4459 ἐνυπνιοκρίτης
1003 4389 1177 4459 versabatur,
1197 4389 1230 4443 of.
1250 4388 1414 4443 Noticeset

107 4468 224 4522 extraits
243 4469 334 4524 XVIII
349 4475 364 4522 2
379 4488 405 4539 p.
422 4475 474 4523 334
488 4487 552 4539 pap.
569 4473 611 4537 54,
627 4475 667 4524 78.
707 4469 836 4540 Sarapidi
856 4471 1021 4525 incubatum
1040 4487 1100 4525 esse
1118 4469 1304 4524 notissimum.

195 4551 222 4619 4)
240 4549 281 4603 De
301 4549 380 4603 cuius
400 4549 457 4603 situ
476 4550 510 4605 of.
526 4549 600 4602 infra
618 4568 644 4619 p.
662 4555 712 4603 107
724 4569 764 4619 sq.
