3294 5190
166 375 326 437 4‚21-7‚4
728 363 914 432 Therapontis
1407 361 1469 424 123

166 531 274 598 τέλεια
360 533 487 597 τελείου
512 531 687 614 ίερονργού
709 527 764 593 καλ
789 529 1057 613 ίερουργήματος,
1129 531 1216 590 Θεοῦ
1239 522 1470 610 σαρκωθέντος

166 629 221 695 καὶ
243 626 327 712 ὑπὲρ
351 629 444 714 ήμῶν
467 626 512 692 δι’
539 628 675 712 αἵματος
697 627 758 709 τὴν
781 625 962 710 ὁμολογίαν
985 623 1184 701 τελέσαντος.

255 738 361 824 τούτῳ
385 736 449 820 γάρ
473 736 514 818 δή
537 742 582 821 τῳ
607 736 689 820 θείῳ
713 731 768 797 καλ
792 732 809 797 ὁ
833 741 897 798 νῦν
919 732 1197 817 ἐγκωμιαζόμενος
1215 730 1325 818 δδηγῳ
1349 728 1497 816 χρησά-5

166 860 265 921 μενος
288 835 400 919 αἵματι
482 834 654 919 σφραγίζει
677 840 738 895 τοῦ
762 833 839 914 βίου
862 831 923 914 τήν
946 832 1102 915 τελευτήν
1125 840 1182 914 τῆς
1206 827 1326 894 ἑαυτοῦ
1349 852 1472 914 μαρτν-

167 938 241 1021 ρίας
271 941 315 1021 τῳ
347 933 469 1016 αἵματι,
545 927 600 994 καὶ
631 928 736 1004 οὕτως
766 928 802 992 έν
831 931 925 1011 γήρει
955 934 1043 1015 καλῳ
1075 928 1290 1010 ἀναπαύεται,
1360 935 1400 1011 τῇ
1430 934 1472 1010 γη

169 1028 482 1117 παρακαταθέμενος
527 1028 567 1091 τὰ
585 1035 646 1092 τοῦ
665 1026 814 1109 σώματος
838 1028 985 1102 λείψανα.
1041 1035 1143 1089 ταῦτα
1167 1026 1208 1108 δή
1231 1025 1272 1088 τὰ
1291 1025 1351 1108 τήν
1373 1027 1472 1088 θείαν

169 1131 313 1213 δύναμιν
335 1126 582 1213 κληρωσάμενα,
650 1125 697 1188 τὰ-
714 1123 838 1188 ένθάδε
861 1131 925 1187 νῦν
947 1124 1233 1209 προσκυνούμενα,
1306 1132 1373 1186 τῶν
1396 1120 1494 1205 ἡμεε

167 1225 274 1310 τέρων
298 1235 415 1308 ψυχῶν
438 1224 478 1287 τὰ
500 1223 678 1308 καθάρσια,
753 1231 820 1285 τῶν
845 1221 943 1307 ίερῶν
972 1222 1182 1305 χαρισμάτων
1206 1221 1223 1285 ὁ
1247 1221 1428 1305 θησαυρός,
1451 1215 1485 1301 ή

167 1336 234 1389 τῶν
257 1323 405 1407 ἰαμάτων
430 1320 587 1403 ἐπίδοσις,
655 1318 874 1402 έκτετηκότων
898 1319 1095 1404 ἀνάρρωσις,
1167 1327 1228 1384 τοῦ
1251 1321 1361 1403 γήρως
1384 1316 1473 1381 ἀντί-

167 1427 276 1505 ληψις,
354 1420 562 1502 παιδαγωγία
585 1420 749 1500 νεότητος,
817 1417 963 1500 [φυλακὴ
986 1416 1199 1500 παρθενίας,]
1223 1419 1345 1499 κόσμος
1375 1414 1472 1496 ἀσκή-

168 1538 260 1600 σεως,
330 1515 445 1603 ίερέων
467 1518 643 1598 τελείωσις,
700 1517 895 1601 ’προστασία
917 1525 983 1579 τῶν
1008 1511 1174 1597 δεομένων
1195 1513 1362 1596 ἀήττητος.
1422 1509 1473 1574 έν-

168 1623 279 1681 ταῦθα
313 1613 368 1680 καλ
400 1613 548 1698 ὀρφανὸς
586 1613 786 1697 καταφεύγει
818 1611 873 1677 καλ
910 1613 1059 1695 σώζεται,
1207 1609 1262 1676 καί
1301 1612 1385 1695 χήρα
1417 1616 1508 1691 τήςιο

170 1713 352 1799 ἀνανδρίας
385 1711 446 1777 οὐκ
482 1711 620 1797 ᾔσθετο,
728 1708 866 1775 καὶτοῦ
894 1715 1081 1786 λυποῦντος
1113 1709 1131 1774 δ
1164 1709 1390 1792 ἀλγυνόμενος
1422 1705 1473 1771 λέ-

168 1816 278 1894 ληστο.
359 1809 460 1891 πένης
487 1813 679 1892 προσῆλθεν
706 1805 761 1871 καὶ
784 1813 938 1873 πλουτῶν
960 1806 1178 1891 ἀνεχώρησεν,
1255 1804 1310 1870 καὶ
1335 1804 1353 1870 ὁ
1376 1828 1472 1869 κατα-

172 1909 378 1990 πονούμενος
400 1915 445 1993 τῳ
469 1905 573 1991 ῥύστη
601 1907 817 1988 συνήντησεν.
892 1908 942 1982 τίς
965 1904 1140 1987 ἐπίληπτος
1172 1907 1296 1980 ἔνθους
1318 1902 1338 1986 ή
1363 1901 1472 1986 ἐκμαν-

169 2008 308 2089 νόμενος
387 2003 583 2089 προσπεσὼν
616 2003 677 2067 οὐκ
706 2002 929 2089 ἠλευθερώθη
958 2000 1013 2066 καὶ
1043 2003 1104 2086 τήν
1136 2002 1226 2066 ἰδίαν
1256 2002 1362 2083 φύσιν
1393 1998 1472 2063 ἀπο-

166 2104 278 2187 λαβὼν
301 2099 538 2184 ἀνεγνώρισεν;
596 2103 646 2177 τίς
669 2096 706 2164 δὲ
729 2111 800 2177 ταῖς
823 2100 963 2186 ἐπῳδοῖς
986 2102 1201 2183 μαγγανείαις
1223 2099 1283 2162 τὸν
1301 2101 1379 2180 βίον
1398 2097 1470 2160 δεσ»
1481 2122 1507 2162 15

167 2201 330 2283 μούμενος
388 2196 443 2262 καὶ
466 2209 536 2273 τοῖς
558 2206 618 2263 τοῦ
642 2197 739 2279 ἁγίου
763 2199 934 2276 λειψάνοις
960 2198 1103 2274 πελάσας
1127 2199 1204 2272 τοὺς
1228 2197 1349 2271 κάλους
1368 2194 1472 2269 εὐθὺς

132 2384 133 2387 ¹
168 2309 235 2362 τῶν
259 2297 473 2379 καταδεσμῶν
497 2294 558 2359 οὐκ
582 2294 728 2382 ἔρρηξεν,
1294 2363 1297 2368 ,

254 2404 382 2468 τούτων
411 2405 528 2468 τοίνυν
556 2413 624 2467 τῶν
653 2411 714 2468 τοῦ
744 2402 842 2485 ἁγίου
875 2403 1058 2486 θαυμάτων
1094 2401 1237 2485 ἀνατολὴ
1269 2397 1330 2485 μέν
1360 2401 1498 2464 άπασαό

166 2502 302 2584 πλήρης,
324 2498 379 2565 καὶ
403 2499 423 2583 ή
446 2501 583 2585 Κύπρος
610 2500 706 2583 αὐχεῖ
729 2502 787 2577 τὰς
816 2501 919 2577 ἰάσεις
944 2508 1005 2565 τοῦ
1035 2501 1254 2584 Θεράποντος,
1282 2501 1472 2582 κατακόρως

165 2600 293 2664 τούτων
321 2597 583 2680 ἐναπολαύσασα,
674 2597 711 2663 ἐν
737 2590 758 2683 ᾗ
784 2597 839 2663 καλ
866 2598 1051 2684 ἀνάκτορον
1080 2599 1170 2681 ίερὸν
1192 2606 1237 2686 τῷ
1266 2596 1349 2683 ἁγίῳ
1376 2598 1474 2660 καθί-

168 2699 294 2784 δρυται.
355 2696 422 2761 ἐκεῖ
439 2697 501 2782 γάρ
520 2696 624 2761 αὐτοῦ
642 2695 697 2761 καλ
716 2698 756 2761 τά
774 2698 853 2772 τοὺς
873 2697 983 2783 ίεροὺς
1001 2696 1132 2779 ἀγῶνας
1151 2694 1311 2780 δεξάμενα
1370 2703 1474 2759 ταῦτα

170 2796 211 2859 τά
233 2795 474 2878 θαυματουργοὶ
496 2791 577 2870 τέως
602 2792 795 2881 έπεχωρίαζε
823 2797 972 2871 λείψανα.
1040 2792 1113 2859 ἀλλ’
1144 2794 1241 2860 ὁπότε
1269 2803 1336 2859 τῶν
1362 2789 1497 2876 ήμετέ-5

169 2916 238 2979 ρων
261 2892 430 2976 ἁμαρτιῶν
453 2892 489 2957 τὸ
513 2896 644 2975 πλῆθος
666 2893 711 2968 ὡς
733 2892 834 2957 πάλαι
858 2894 896 2957 τὸ
919 2891 1012 2976 ὕδωρ
1031 2893 1093 2975 τήν
1110 2902 1175 2976 γήν
1193 2892 1430 2973 κατεκάλυψεν,

169 2987 224 3054 καλ
249 2992 347 3066 ἀλλος
375 2991 521 3054 ἄλλοθεν
549 2989 696 3072 ἀλλαχοῦ
724 2992 938 3074 μετανίστατο
1035 2988 1090 3054 καλ
1118 2993 1219 3066 τόπος
1246 2989 1307 3054 ούκ
1329 2984 1372 3072 ήν
1395 2987 1474 3072 ἡμῖν

167 3087 411 3168 καταπαύσεως,
484 3093 752 3168 συγκακοπαθείν
775 3085 855 3169 ἡμῖν
877 3085 932 3151 καὶ
952 3090 1172 3173 συναπαίρειν
1195 3084 1321 3173 ἐῳκονν
1344 3087 1385 3151 τὰ
1407 3097 1474 3150 τῶν

170 3183 276 3266 ἁγίων
298 3183 476 3268 μαρτύρων
498 3182 578 3266 ήμίν
602 3183 761 3269 ίερώτατα
785 3186 935 3267 λείψανα,
1000 3184 1109 3268 ὥσπερ
1133 3194 1191 3268 τής
1214 3183 1370 3263 ξενιτείας
1393 3200 1474 3266 συμ-

168 3283 337 3366 πάσχοντα
416 3278 471 3345 καλ
503 3287 805 3364 συγκακουχεῖσθαι
835 3293 1040 3367 χριστιανοίς
1072 3281 1265 3366 ἀνεχόμενα·
1347 3285 1473 3364 μᾶλλον
1484 3300 1510 3339 1⁰

170 3381 233 3464 γὰρ
258 3380 388 3444 εἵλαντο
416 3390 486 3454 τοῖς
513 3378 643 3455 πιστοῖς
669 3390 822 3443 συνεῖναι
851 3377 906 3443 καλ
937 3381 1137 3463 φεύγουσιν,
1218 3380 1238 3463 ή
1266 3382 1474 3462 περιπίπτειν

169 3477 351 3562 βαρβάροις
375 3479 422 3552 είς
445 3475 546 3560 ὕβριν
568 3473 623 3539 καὶ
647 3477 783 3552 ὄνειδος.

256 3583 369 3667 ἐπειδή
399 3584 462 3667 γὰρ
492 3583 530 3648 τὸ
560 3591 617 3666 τῆς
637 3579 742 3666 ’Ἀγαρ
771 3581 969 3669 ἑρπνστικὸν
995 3586 1104 3669 κύημα
1136 3586 1218 3668 πρὸς
1254 3584 1339 3662 ὕψος
1367 3581 1499 3668 ἀρθὲνψ

169 3681 366 3747 ἐπλατύνετο
445 3679 501 3746 καὶ
524 3682 585 3765 τήν
608 3677 695 3768 ἑῴαν
717 3693 827 3745 πᾶσαν
850 3680 904 3746 καλ
930 3687 1102 3766 Αἴγυπτον
1182 3690 1229 3770 τῷ
1251 3680 1333 3770 τόξῳ
1358 3680 1411 3746 καὶ
1434 3692 1474 3768 τῇ

168 3779 317 3866 ῥομφαίᾳ
339 3777 539 3863 κατατρέχον
562 3780 679 3855 δεινῶς
702 3778 856 3864 ἐληίζετο,
914 3781 955 3844 τὰ
979 3783 1169 3867 ἔμπροσθεν
1193 3781 1348 3864 εὑρίσκον
1371 3780 1475 3863 παρά-

168 3877 282 3941 δεισον
325 3875 380 3941 καλ
404 3877 457 3942 “τὰ
480 3876 584 3942 ὀπίσω
607 3877 725 3942 πεδίον
747 3877 952 3962 ἀφανισμοῦ’
975 3880 1058 3944 κατὰ
1079 3880 1116 3943 τὸ
1139 3877 1367 3962 γεγραμμένον
1385 3875 1475 3943 τιθέ-

256 4108 446 4191 μελλόντων
474 4103 510 4171 δὲ
539 4109 619 4191 μετὰ
651 4116 755 4172 ταῦτα
786 4119 853 4172 τῶν
884 4117 942 4191 τῆς
962 4107 1067 4195 ’Ἅγαρ
1098 4109 1182 4174 υίῶν
1213 4112 1383 4191 ληίζεσθαι
1405 4109 1581 4192 τήνεω-ιε

168 4204 274 4289 αύτήν
308 4212 475 4289 περιφανῆ
508 4205 649 4290 Κύπρον
681 4203 900 4289 ἐμφανισθεὶς
932 4205 950 4270 δ
982 4206 1076 4288 ἀγιος
1113 4205 1197 4284 ἀπαξ
1237 4205 1292 4270 καὶ
1322 4204 1374 4281 δὶς
1406 4217 1476 4282 τοῖς

168 4302 396 4388 φυλάττουσιν
425 4300 529 4366 αὐτοῦ
560 4302 596 4366 τὸ
629 4305 740 4386 τίμιον
770 4305 929 4382 λείψανον
960 4304 1222 4389 παρεκελεύσατο
1256 4302 1370 4378 αύτοίς
1397 4297 1477 4388 ἀραι,

167 4410 265 4466 τοῦτο
288 4396 344 4464 καὶ
367 4397 404 4464 έν
422 4396 517 4484 ἑτέρῳ
540 4401 634 4464 πόλει
662 4399 860 4484 μετενέγκαι.
889 4403 1047 4485 λαβόντες
1070 4397 1133 4467 οὖν
1159 4402 1221 4485 τήν
1249 4400 1397 4485 λάρνακα
1419 4398 1510 4468 καίει

256 4659 312 4723 5,3
333 4653 363 4709 έν
381 4653 478 4721 κάπρω
498 4656 564 4708 ante
582 4661 616 4726 τή
635 4654 700 4708 add.
719 4654 787 4710 320
808 4659 812 4726 Ι
839 4655 1109 4725 όπροσκννούμεθα
1127 4655 1153 4708 Α
1172 4657 1182 4725 ΙΙ
1209 4661 1234 4725 6,
1250 4659 1265 4708 7
1285 4654 1402 4725 ἀλλοχοῦ
1422 4655 1447 4708 Α
1465 4655 1475 4729 u

169 4738 224 4804 7‚4
244 4733 278 4788 cf.
297 4733 356 4789 Ioel
375 4740 400 4801 2,
416 4741 432 4787 3
