3294 5190
668 315 710 367 De
730 313 845 368 somniis
865 312 974 367 divinis.
1452 311 1472 375 9

167 480 288 544 frustra
310 480 344 543 in
367 477 554 563 Aesculapii
586 501 675 543 sacro
698 476 876 561 Epidaurio
906 476 1113 542 dormiverat:
1142 477 1299 561 „miprore
1332 480 1475 540 certumst

167 579 233 643 ιάαι
261 599 344 644 aare
370 581 484 662 οἴοιτο
509 578 611 661 foros,
632 577 636 662 Ι
656 576 779 659 quondo
807 575 976 658 Aesculapi
1002 577 1049 640 tto
1075 577 1173 640 seatio
1200 575 1394 652 εεαιεαύααι,
1416 573 1420 656 l
1440 580 1475 638 at

166 677 221 758 qai
243 697 291 741 νιο
313 677 407 742 altili
426 677 528 759 factat
553 696 607 740 νεα
633 675 751 740 solvont
773 671 862 737 νιῑιύζ
898 672 1002 738 Plaut.
1023 671 1113 738 Cura.
1124 673 1264 756 216sqq.
1279 672 1317 735 cf.
1333 671 1473 754 260sqq.

167 772 204 838 In
228 775 356 837 iamatis
376 774 562 858 Epidauriis
581 795 628 836 nr.
649 772 691 837 80
709 770 810 835 Baun.
830 766 887 855 (=
903 771 924 834 2
938 768 1068 856 Fouill.)
1092 769 1124 834 V
1147 769 1185 833 de
1204 768 1338 833 muliere
1357 767 1474 853 agitur,

167 893 248 956 quae
279 871 404 935 somnio
439 869 608 955 perspicuo
637 867 789 955 (ἐναργές
818 891 846 931 v.
873 867 931 955 28)
961 891 1026 934 non
1059 867 1167 932 oblato
1198 888 1310 932 rursus
1343 866 1474 931 domum

167 972 359 1055 reportatur.
872 988 876 997 “

254 1064 371 1130 Itidem
393 1066 547 1130 nimirum
570 1066 640 1130 fieri
664 1066 781 1149 potuit,
803 1069 841 1129 ut
863 1088 928 1129 non
953 1065 1029 1131 deus
1048 1087 1106 1151 per
1124 1087 1273 1130 somnum
1297 1067 1474 1148 appareret,

170 1164 298 1228 etiamsi
326 1164 359 1227 in
383 1164 451 1228 eius
479 1163 600 1247 templo
624 1163 715 1228 fieret
739 1163 916 1249 incubati0,
945 1164 1000 1228 sed
1028 1164 1092 1228 alia
1120 1185 1265 1247 persona.
1313 1161 1474 1239 Quaeres

169 1262 290 1345 optime
309 1261 497 1346 illustretur,
521 1261 549 1326 si
571 1261 698 1326 evolvas
721 1259 855 1326 Aristid.
874 1259 906 1325 Π
925 1284 955 1345 p.
977 1261 1051 1346 396,
1076 1262 1118 1325 24
1139 1261 1223 1345 Keil,
1248 1261 1304 1325 ubi
1323 1261 1475 1344 leguntur

168 1359 260 1425 haec:
284 1359 396 1444 ἐπειδὴ
420 1359 602 1445 ἐγενόμεθα
626 1359 662 1424 ἐν
684 1368 730 1447 τῷ
756 1361 832 1447 ἱερῷ
852 1357 1040 1447 (Pergami),
1063 1369 1102 1446 τῇ
1120 1361 1233 1446 πρώτῃ
1252 1370 1320 1425 τῶν
1342 1368 1475 1423 νυκτῶν

167 1456 284 1541 φανεὶς
307 1457 324 1523 6
347 1459 427 1534 θεὸς
451 1466 496 1546 τῷ
520 1469 637 1544 τροφεῖ
662 1483 727 1542 μου
752 1456 856 1545 ἐντῷ
880 1460 1032 1542 Σαλβίον
1060 1468 1120 1524 τοῦ
1149 1467 1214 1523 νῦν
1240 1458 1370 1523 ὑπάτου
1398 1459 1475 1541 σχή-

166 1579 252 1639 ματι.
299 1555 389 1632 ὅστις
421 1552 459 1621 δὲ
493 1555 511 1621 6
546 1557 694 1639 Σάλβιος
724 1555 816 1621 osam
849 1559 922 1621 τότε
956 1579 993 1638 γε
1029 1554 1176 1642 ᾔδειμεν·
1209 1556 1226 1622 6
1255 1554 1284 1620 δ’
1318 1553 1475 1638 ἐτύγχανε

166 1654 401 1739 προσεδρεύων
431 1662 476 1742 τῷ
504 1660 573 1742 θεῷ
596 1651 665 1718 κατ’
699 1652 828 1719 ἐκεῖνον
856 1654 914 1718 τὸν
948 1657 1080 1739 χρόνον.
1126 1656 1190 1738 ἔφη
1214 1652 1243 1719 δ’
1271 1648 1374 1720 οὖνὸ
1400 1675 1475 1737 τρο-

166 1753 251 1834 φεὺς
274 1751 318 1828 ὡς
342 1750 378 1816 ἐν
406 1752 513 1838 τούτῳ
537 1752 578 1835 δὴ
601 1759 647 1838 τῷ
672 1755 810 1836 σχήματι
834 1752 1025 1835 διαλεχθείη
1053 1753 1136 1838 πρὸς
1164 1752 1267 1817 αὐτὸν
1294 1756 1361 1816 κτλ.
1406 1747 1475 1813 Iam

168 1851 304 1932 apparet
334 1871 400 1913 non
433 1849 527 1913 deum
559 1849 665 1913 visum
698 1871 779 1933 esse,
813 1848 868 1913 sed
898 1849 1076 1932 supplicem
1109 1850 1268 1933 quendam
1302 1848 1412 1913 eodem
1442 1847 1475 1910 in

168 1946 289 2030 templo
312 1951 505 2032 morantem,
530 1968 625 2031 quem
647 1947 773 2011 viderat
796 1946 851 2011 ille
877 1949 1022 2030 τροφεύς
1044 1949 1199 2032 cuiusque
1223 1948 1329 2032 imago
1353 1947 1386 2009 in
1406 1946 1475 2011 eius

168 2048 275 2109 mente
298 2047 452 2110 remansit
470 2049 567 2129 atque
586 2050 684 2110 noctu
703 2067 761 2129 per
779 2044 939 2109 somnium
963 2067 1074 2110 rursus
1094 2047 1122 2110 ei
1146 2069 1180 2112 se
1204 2045 1330 2110 obtulit.
1362 2042 1476 2109 Nihilo

168 2143 275 2206 minus
299 2144 376 2207 deus
399 2143 538 2207 habetur
560 2143 655 2207 modo
679 2142 819 2208 advenae
844 2147 966 2207 vestem
994 2143 1167 2231 indutus1).
1215 2143 1372 2208 Similiter
1396 2141 1477 2204 iudi-

168 2238 304 2302 candum
318 2240 446 2305 videtur
456 2240 494 2304 de
504 2241 619 2325 papyri
628 2240 841 2305 Londinensis
851 2240 921 2305 loco
933 2239 1095 2326 (Wessely
1104 2241 1195 2308 Neue
1208 2240 1333 2306 Griech.
1341 2239 1478 2304 Zauber-

171 2338 286 2421 papyri
305 2360 335 2420 p.
354 2338 406 2422 49,
422 2336 539 2422 aotsq.
555 2370 596 2391 =
616 2338 754 2421 Kenyon
782 2338 886 2403 Greek
914 2338 1032 2423 Papyri
1056 2363 1086 2424 p.
1103 2339 1175 2424 110,
1191 2337 1331 2425 798sq.),
1354 2338 1411 2401 ubi
1439 2337 1477 2400 de

167 2435 281 2519 angelo
305 2439 479 2519 apparente
503 2435 620 2500 dicitur
643 2435 717 2500 hoo:
741 2435 778 2501 ἐν
802 2438 905 2519 φίλου
930 2434 1031 2523 (φιλο
1056 2434 1143 2524 pap.)
1173 2455 1234 2503 σον
1263 2430 1307 2502 οὗ
1336 2439 1476 2520 γνωρί-

168 2535 247 2610 ζεις
270 2535 410 2618 σχήματι
433 2532 621 2619 εἰσέρχεται.

259 2630 394 2695 Credere
417 2630 527 2696 licebit
551 2631 753 2697 caerimoniis
776 2633 984 2719 praescriptis
1007 2656 1044 2700 ac
1067 2634 1185 2700 ritibus
1203 2654 1262 2698 nec
1280 2632 1387 2697 minus
1406 2632 1477 2696 loco

167 2729 239 2813 ipso
262 2729 468 2813 numinisque
492 2730 593 2794 divini
617 2731 709 2814 quasi
732 2733 913 2815 praesentia
940 2730 1019 2796 adeo
1047 2733 1113 2797 fere
1141 2735 1347 2816 praeparatos
1377 2730 1477 2794 fuisse

167 2826 350 2911 supplicum
379 2829 517 2911 animos,
545 2831 582 2893 ut
608 2829 754 2913 profecto
782 2829 834 2894 dei
861 2830 965 2916 figura
997 2831 1030 2894 in
1064 2853 1176 2895 somno
1208 2831 1249 2895 iis
1282 2828 1476 2913 apparuerit.

168 2923 248 2988 (lum
272 2928 380 2989 autem
404 2925 454 2989 dei
477 2926 614 2990 formam
642 2947 678 2990 ac
705 2928 843 3011 figuram
871 2949 944 2992 cum
973 2928 1041 2992 eius
1070 2932 1176 2993 statua
1205 2948 1381 3013 congruere
1405 2948 1478 3009 pro-

166 3021 274 3086 babile
297 3022 452 3108 videatur,
476 3023 586 3087 eodem
610 3025 704 3089 modo
728 3025 855 3090 credere
878 3026 989 3090 licebit
1011 3027 1069 3090 illo
1101 3026 1263 3110 plerisque
1291 3024 1478 3108 apparuisse

168 3120 261 3184 deum
288 3119 411 3204 habitu,
435 3143 498 3204 quo
522 3121 585 3205 ipsi
609 3145 681 3186 eum
705 3122 756 3187 die
779 3121 922 3187 venerati
946 3127 1064 3207 essent,
1088 3122 1197 3206 itaque
1221 3125 1346 3186 statuae
1370 3120 1477 3185 simili.

167 3217 205 3281 ld
228 3218 316 3301 quod
338 3240 580 3302 nonnumquam
603 3219 687 3283 clare
711 3220 840 3284 dicitur:
864 3220 1003 3285 Romani
1022 3219 1159 3304 Pythiae
1178 3218 1343 3284 oraculum
1367 3219 1477 3301 secuti,

167 3337 240 3380 cum
262 3316 420 3399 Epidauri
444 3315 638 3381 Graecorum
661 3317 846 3402 concilium,
870 3321 907 3382 ut
935 3319 1012 3383 deus
1037 3318 1099 3382 sibi
1124 3317 1267 3400 daretur,
1291 3316 1478 3402 oravissent,

166 3418 264 3479 noctu
292 3413 347 3478 ille
375 3412 516 3499 Ogulnio
539 3414 685 3480 Romano
710 3415 743 3479 in
767 3417 891 3481 somnio
915 3417 1066 3500 apparuit
1092 3414 1215 3502 „qrrotis
1247 3416 1283 3480 ι’νι
1312 3416 1386 3479 aede
1415 3435 1478 3480 esse

165 3513 265 3598 solet‘,
289 3511 346 3577 Ov.
370 3515 443 3577 met.
468 3512 531 3577 XV
550 3511 667 3598 654sq.
714 3513 776 3578 Vel
800 3515 833 3577 in
857 3515 962 3600 Longi
990 3514 1211 3580 Pastoralibus
1231 3512 1392 3597 nymphae
1416 3515 1479 3577 sta-

166 3611 232 3674 tuis
252 3610 374 3675 similes
394 3615 551 3695 apparent
570 3610 616 3697 (II
635 3612 720 3696 23,1
742 3635 772 3695 p.
787 3612 861 3698 274,
878 3613 918 3677 19
934 3612 1105 3699 Hercher):
1125 3613 1163 3676 ort
1178 3622 1266 3698 τρεῖς
1285 3607 1479 3694 ἐφίστανται

167 3709 310 3792 Νύμφαι
334 3759 341 3773 .
362 3761 367 3773 ,
388 3758 395 3773 .
414 3721 483 3786 τοῖς
506 3709 694 3794 ἀγάλμασιν
722 3711 841 3796 ὅμοιαι.
869 3711 908 3775 cf.
928 3711 969 3775 ib.
993 3709 1041 3774 Ill
1065 3711 1153 3795 27,2
1172 3734 1202 3794 p.
1217 3709 1292 3793 299,
1303 3708 1359 3793 21⁵:
1383 3708 1421 3772 oct
1441 3703 1479 3772 δὲ

168 3801 341 3893 (Νύμφαι)
365 3806 454 3894 αὐτῷ
482 3808 685 3873 καθεύδοντι
713 3810 844 3895 νύκτωρ
877 3808 914 3874 ἐν
942 3820 1011 3886 τοῖς
1038 3809 1151 3886 αὐτοῖς
1181 3807 1375 3892 ἐφίστανται
1403 3809 1479 3890 σχή-

168 3918 280 3986 μασιν,
304 3903 341 3968 ἑν
364 3895 414 3980 οἷς
436 3901 491 3969 καὶ
515 3908 685 3990 πρότερον.
732 3907 918 3970 Monuimus
945 3907 1037 3992 haec,
1067 3907 1143 3991 quia
1170 3910 1323 3990 putamus
1352 3904 1412 3967 hac
1440 3925 1478 3966 ex

167 4021 201 4063 re
225 4000 383 4084 originem
411 4001 540 4066 duxisse
569 4002 625 4066 illa
654 4004 794 4088 oracula,
819 4027 899 4088 quae
932 4028 950 4068 a
983 4005 1099 4070 statuis
1131 4004 1277 4089 praeberi
1308 4003 1480 4067 traduntur

168 4097 265 4180 idque
288 4097 407 4180 partim
430 4121 488 4182 per
513 4121 670 4165 somnum.
716 4100 880 4185 Imprimis
905 4102 932 4165 si
957 4104 1029 4187 quis
1053 4103 1086 4166 in
1111 4103 1268 4167 eiusmodi
1292 4106 1359 4166 erat
1383 4104 1479 4183 statu,

170 4198 207 4258 ut
235 4216 294 4259 nec
322 4195 476 4260 dormiret
503 4218 562 4262 nec
589 4198 752 4283 vigilaret,
782 4203 878 4283 atque
909 4203 1073 4283 praeterea
1104 4202 1214 4266 eodem
1245 4200 1316 4264 loco
1346 4199 1479 4282 iacebat,

168 4293 224 4356 ubi
249 4293 299 4357 dei
329 4296 396 4356 erat
426 4297 533 4358 statua
561 4294 659 4381 (sicut
687 4295 858 4361 Tithoreae
886 4298 920 4362 in
947 4296 1117 4382 Asclepieo
1146 4322 1165 4362 a
1193 4299 1323 4363 dextera
1354 4299 1479 4362 statuae

167 4395 258 4474 parte
281 4392 382 4455 lectus
407 4390 594 4479 exstabatl),
617 4394 770 4459 facillime
793 4396 863 4460 fieri
886 4398 1003 4481 potuit,
1026 4401 1063 4462 ut
1082 4398 1133 4461 dei
1153 4398 1260 4482 imago
1279 4418 1352 4460 cum
1372 4399 1478 4460 statua

257 4551 283 4619 1)
302 4549 464 4619 Euphronio
492 4549 629 4619 Epicureo
659 4552 891 4622 peripneumonia
921 4553 1063 4608 laboranti
1094 4554 1123 4607 in
1152 4553 1299 4623 Asclepieo
1328 4551 1478 4609 dormienti

168 4630 298 4684 sacerdos
316 4631 471 4685 remedium
489 4630 600 4685 videtur
618 4631 750 4701 indicare,
770 4633 878 4689 Aelian.
898 4634 1063 4704 Apospasm.
1084 4641 1125 4690 89.

256 4712 283 4780 2)
302 4708 381 4781 κλίνη
402 4710 432 4766 δὲ
452 4711 482 4766 ἐν
501 4713 579 4786 δεξιᾷ
599 4721 689 4768 κεῖται
706 4723 756 4769 τοῦ
776 4714 935 4785 ἀγάλματος
952 4715 1034 4772 Paus.
1054 4716 1196 4783 X32,12.
