3294 5190
165 340 229 403 τοι
735 331 889 402 otlaarv.

164 524 273 566 omnes
296 502 374 564 nota
393 522 462 564 esse
485 499 572 582 dicit,
596 501 632 561 ut
655 497 720 561 illis
739 496 904 560 rhetorum
924 496 1048 560 artibus
1066 519 1132 560 non
1152 519 1232 579 opus
1256 500 1340 561 esset
1366 494 1405 582 (o.
1422 495 1474 584 2);

165 600 290 683 quade
319 620 353 661 re
382 599 445 661 iam
479 598 512 660 in
538 597 630 660 Actis
659 600 843 660 sanctorum
876 593 963 680 (mai.
987 592 1033 658 VI
1057 618 1086 677 p.
1107 594 1205 658 6811]
1224 595 1259 678 4)
1283 600 1368 660 reete
1392 598 1474 661 iudi-

164 702 267 761 catur:
291 720 366 760 nam
390 719 454 760 non
474 695 579 759 solum
599 694 777 778 synaxaria‚
796 693 851 777 sed
870 693 968 755 etiam
987 715 1068 775 quae
1092 694 1125 756 in
1144 693 1253 758 codice
1271 694 1470 761 Messanensi

163 797 265 880 ipsius
294 794 431 858 encomii
460 793 554 857 initio
583 793 747 877 legrmtur,
775 791 854 854 satis
881 791 965 854 clare
994 813 1089 874 quam
1118 791 1239 856 incerta
1267 793 1332 857 sint
1363 797 1473 859 omnia

163 891 364 979 testanturl).
402 891 578 955 Monachus
602 890 701 954 fuisse
720 889 838 952 dicitur
856 885 1068 974 Therapon2),
1091 889 1205 953 deinde
1225 888 1323 974 prri
1346 891 1472 958 insulae

163 992 346 1075 episeopus3
379 993 516 1054 mortem
539 1011 598 1071 pro
631 987 759 1052 Christo
791 985 872 1050 obiit
896 985 1103 1070 sepultusque
1131 985 1274 1070 Cyprum
1306 990 1472 1055 miraculis

164 1089 290 1153 ornavit
313 1087 359 1174 (6,
373 1085 417 1173 2).
465 1084 545 1149 Cum
569 1109 644 1150 vero
670 1084 818 1149 Saraceni
842 1084 1028 1148 invaderent
1052 1084 1203 1168 insulam,
1227 1107 1343 1170 corpus
1368 1091 1472 1153 sancti

163 1186 356 1269 Byzantium
375 1184 567 1248 translatum
585 1183 695 1267 ibique
713 1183 747 1246 in
762 1182 920 1264 Deiparae
935 1203 1024 1246 sacro
1039 1183 1239 1247 reconditum
1259 1188 1307 1249 est
1325 1184 1473 1273 (10‚17).

251 1282 280 1346 Ε
311 1282 473 1346 miraculis
505 1304 585 1365 quae
616 1283 649 1345 in
679 1280 736 1345 illo
765 1280 916 1364 anonymi
945 1282 1089 1345 encomio
1120 1287 1307 1348 enarrantur
1336 1292 1474 1369 apparet

164 1382 401 1466 Therapontem
426 1403 553 1465 quoque
576 1401 634 1463 per
658 1378 817 1443 somnium
841 1400 968 1442 curasse
991 1378 1182 1467 aegrotos³)‚
1205 1381 1236 1446 h.
1255 1404 1280 1446 e.
1304 1405 1361 1466 per
1380 1385 1473 1449 iubu-

163 1480 335 1544 bationem.
380 1478 418 1543 Id
447 1479 532 1561 quod
564 1501 630 1542 non
659 1476 778 1559 ubique
808 1477 980 1541 admodum
1007 1480 1225 1562 perspicuum,
1255 1481 1344 1544 velut
1372 1483 1407 1546 in
1431 1485 1472 1548 iis

164 1601 244 1661 quae
268 1579 306 1642 de
327 1577 465 1662 Georgio
485 1576 639 1641 decarcho
658 1575 874 1658 proferuntur,
898 1576 953 1657 qui
973 1577 1077 1658 eapite
1098 1577 1224 1642 detorto
1244 1582 1472 1662 septemdecim

161 1700 218 1762 per
242 1677 309 1740 dies
332 1697 434 1757 neque
460 1674 551 1737 edere
574 1674 749 1757 quidquam
773 1674 880 1755 potuit
902 1695 1005 1755 neque
1030 1675 1151 1739 bibere:
1174 1675 1316 1763 ὕστερον
1333 1679 1371 1742 τὸ
1391 1697 1472 1744 συν-

162 1787 258 1839 οῖσον
282 1774 485 1857 σκεψάμενος
504 1783 604 1857 χωρεῖ
626 1772 709 1856 πρὸς
731 1772 791 1835 τὸν
814 1772 920 1854 ἅγιον,
939 1772 994 1836 καλ
1017 1777 1220 1859 παραμείνας
1238 1774 1360 1861 ἡμέρας
1378 1780 1473 1854 τινὰς

160 1873 304 1954 ἤκουσεν
328 1871 431 1935 αὐτοῦ
460 1870 589 1956 ἀοράτῳ
613 1870 745 1954 γλώσσῃ
768 1869 847 1933 τάδε
869 1870 1074 1946 κελεύοντος·
1098 1871 1164 1936 ὑπὸ
1193 1881 1253 1936 τοῦ
1281 1877 1473 1960 πρόσμονός

163 1994 237 2054 μου,
261 1971 374 2052 φησίν,
399 1967 496 2054 ἐλαίῳ
520 1967 708 2051 ἀλείφθητι.
731 1976 829 2031 τοῦτο
854 1966 993 2051 ἐγένετο,
1016 1967 1071 2033 καὶ
1095 1969 1112 2034 ὁ
1137 1969 1220 2056 ἀνὴρ
1247 1972 1351 2049 εὐθὺς
1374 1975 1474 2059 ὑγιὴς

161 2068 369 2152 ἀνεχώρησεν
394 2063 461 2152 (16,
477 2062 597 2150 lsqq.).
644 2063 810 2140 Quomodo
835 2071 968 2149 γλῶσσα
992 2065 1048 2129 illa
1072 2089 1152 2149 quae
1176 2069 1306 2133 auditur
1330 2070 1473 2158 ἀόρατος

164 2164 379 2249 intellegenda
403 2166 454 2246 sit,
478 2163 586 2227 videas
610 2185 648 2226 ex
672 2163 721 2246 iis,
746 2185 826 2245 quae
850 2186 946 2247 supra
965 2165 998 2227 in
1018 2166 1122 2248 eapite
1145 2167 1250 2249 primo
1274 2192 1304 2252 p.
1322 2170 1363 2233 10
1387 2193 1472 2235 com-

163 2265 344 2347 posuimus;
368 2262 512 2327 conferas
537 2261 695 2344 imprimis
724 2259 870 2344 exempla
899 2284 937 2325 ex
960 2260 1114 2327 Aristidis
1143 2264 1343 2331 orationibus
1372 2273 1473 2333 sacris

162 2363 278 2425 hausta
301 2382 404 2442 neque
433 2359 529 2424 velim
558 2359 796 2442 praetermittas
825 2381 906 2441 quae
934 2360 1123 2424 Timarchus
1153 2364 1237 2446 apud
1260 2363 1473 2432 Plutarchum

161 2460 200 2522 de
224 2459 402 2542 Trophonii
425 2461 535 2521 narrat
559 2456 701 2522 oraculo:
725 2459 851 2522 εἰπεῖν
874 2482 964 2522 τινα
987 2460 1070 2544 πρὸς
1099 2460 1201 2525 αὐτὸν
1230 2463 1299 2546 οὐχ
1322 2463 1473 2549 ὁρώμε-

163 2582 233 2623 νον
266 2554 318 2642 (de
343 2579 413 2641 gen.
448 2554 533 2619 Socr.
549 2555 592 2619 22
624 2578 653 2639 p.
673 2553 736 2618 591
749 2552 802 2641 Α).
850 2554 934 2619 Satis
967 2557 1068 2641 igitur
1101 2562 1222 2622 certum
1254 2561 1383 2625 videtur
1414 2585 1473 2647 per

162 2656 324 2720 somnium
348 2652 521 2739 Georgium
546 2654 638 2717 illum
661 2655 812 2737 martyris
836 2675 946 2718 vocem
966 2656 1101 2720 audisse.
1116 2657 1361 2724 —Theodorus
1381 2683 1473 2744 para-

161 2754 279 2837 lyticus
306 2752 442 2837 triginta
464 2775 522 2835 per
545 2752 612 2816 dies
636 2752 669 2815 in
688 2752 901 2835 Therapontis
922 2775 1011 2818 sacro
1032 2755 1191 2820 incubuit:
1215 2755 1269 2822 καὶ
1289 2759 1330 2842 δὴ
1348 2765 1473 2845 θεωρεῖ

163 2852 222 2915 τὸν
245 2851 506 2934 θαυματουργὸν
529 2848 722 2914 ἐπιδιδόντα
740 2852 846 2933 δῆθεν
866 2849 955 2937 αὐτῷ
975 2854 1077 2935 ἄρτον
1100 2853 1208 2918 τεκαὶ
1227 2860 1349 2939 πλῆρες
1371 2856 1472 2942 ἀκρολ-

162 2973 223 3013 του
245 2951 407 3033 ποτήριον
432 2945 498 3034 (16,
515 2947 555 3011 13
565 2945 635 3034 sq),
659 2947 807 3012 videlicet
829 2971 887 3031 per
917 2972 1078 3033 somnum,
1101 2974 1176 3014 nam
1205 2957 1356 3017 secuntur
1378 2955 1471 3021 haec:

162 3047 368 3122 donandique
391 3043 429 3110 db
452 3046 493 3110 τὸ
518 3048 651 3111 δοκεῖν
674 3048 757 3131 πρὸς
780 3048 816 3110 τὸ
842 3045 1001 3125 δέξασθαι
1024 3047 1095 3113 κατ’
1122 3051 1222 3132 αὐτῆς
1250 3051 1472 3136 ἀνεπήδησεν;

162 3145 199 3208 τὸ
224 3146 335 3208 δοκεῖν
358 3145 453 3228 plane
477 3145 546 3228 ‘per
565 3145 738 3210 somnium'
757 3146 839 3209 verti
863 3148 980 3229 potest,
1004 3146 1037 3209 id
1056 3147 1142 3229 quod
1162 3149 1375 3233 interpolator
1394 3174 1472 3234 quo-

162 3265 224 3326 que
255 3243 366 3326 sensit,
397 3243 453 3325 qui
483 3242 606 3306 addidit
636 3242 733 3307 verba
764 3241 800 3306 ἐν
827 3243 995 3329 ἀληθείᾳ
1023 3246 1202 3323 διαναστὰς
1231 3253 1298 3312 κτλ.
1352 3247 1471 3314 Itidem

161 3341 367 3404 iudicandum
395 3344 444 3404 est
472 3341 510 3404 de
539 3341 738 3423 20,19sqq.:
768 3341 945 3405 scholarius
980 3343 1110 3424 quidam
1144 3345 1199 3427 qui
1227 3345 1343 3410 vulnus
1372 3347 1471 3412 habet

162 3439 220 3502 sub
245 3442 382 3522 pectore,
406 3438 469 3524 ὁρᾷ
494 3439 553 3503 τὸν
580 3436 721 3523 ποιμένα
751 3439 944 3525 Θεράποντα
971 3451 1100 3527 κηρωτῂ
1128 3443 1165 3506 τὸ
1194 3441 1288 3520 ἕλκος
1316 3445 1470 3530 ἰώμενον,

163 3536 180 3600 ὃ
204 3534 267 3599 καὶ
291 3535 469 3620 ἐγεγόνει
493 3537 534 3601 ἐν
557 3538 762 3622 πράγματι.
786 3535 840 3601 καὶ
868 3536 950 3622 μεθ’
979 3538 1124 3624 ἡμέρας
1151 3550 1236 3616 σῶος
1264 3540 1387 3627 εὑρέθη
1414 3543 1471 3610 καὶ

164 3635 318 3718 ἄτρωτος,
342 3634 386 3710 ὡς
408 3631 490 3718 μηδὲ
520 3634 623 3718 οὐλὴν
652 3634 686 3699 ἐκ
715 3644 774 3699 τοῦ
802 3637 988 3719 τραύματος
1016 3641 1206 3720 φαίνεσθαι.
1252 3638 1315 3703 Hic
1343 3662 1472 3723 quoque

162 3733 281 3795 veritas
305 3732 422 3796 visioni
447 3733 629 3816 opponitur.
677 3732 843 3796 Somnium
868 3734 974 3816 ipsum
1002 3740 1272 3800 commemoratur
1297 3738 1347 3824 12,
1362 3739 1472 3826 8sqq.,

163 3830 219 3892 ubi
243 3833 350 3893 tamen
375 3852 438 3912 quo
462 3830 533 3894 loco
558 3830 591 3892 id
613 3831 670 3893 fiat
692 3852 758 3894 non
786 3832 863 3895 satis
891 3831 975 3895 clare
1003 3833 1133 3897 dicitur:
1161 3834 1311 3900 Florinus
1340 3837 1472 3919 quidam

162 3927 294 3992 Italicus
318 3952 336 3991 a
360 3928 569 3992 daemonibus
594 3932 766 4010 occupatus
795 3930 877 3993 circa
904 3954 1032 3994 murum
1056 3931 1306 3997 Blachernarum
1335 3935 1473 4017 desuper

161 4028 195 4090 in
219 4029 338 4090 terram
362 4049 430 4090 sese
454 4026 582 4089 volebat
606 4027 762 4111 conicere3
786 4033 897 4111 captus
922 4033 1028 4092 autem
1052 4029 1092 4092 ab
1116 4031 1300 4095 hominibus
1325 4033 1380 4115 qui
1408 4034 1472 4097 hoc

162 4125 315 4189 videbant
344 4124 591 4188 custodiebatur.
642 4125 759 4189 Tribus
787 4125 876 4190 horis
904 4131 978 4210 post
1006 4129 1140 4193 remisso
1169 4129 1253 4194 malo
1287 4151 1360 4194 cum
1393 4154 1472 4194 sana

256 4322 281 4386 1)
300 4337 326 4372 v.
345 4318 419 4387 ll(=
440 4317 561 4388 epitome
580 4319 640 4373 eod.
656 4320 748 4389 Mess.)
767 4327 796 4375 4:
816 4321 910 4384 οὐδεὶς
929 4320 1133 4392 estepanum,
1152 4320 1245 4377 πόθεν
1264 4321 1282 4392 ἢ
1301 4332 1356 4378 ποῦ
1376 4323 1472 4394 γεγέν-

166 4419 249 4469 νηται
267 4397 284 4466 δ]
304 4396 393 4454 ποίοιν
413 4398 466 4468 ἔφυ
485 4397 590 4468 γονέων
609 4398 626 4468 ἢ
645 4409 704 4462 πῶς
723 4401 753 4454 ἐκ
771 4399 873 4461 παιδὸς
892 4399 996 4469 ἀνῆκτο
1014 4398 1031 4469 ἢ
1052 4410 1110 4464 πῶς
1128 4400 1329 4470 διαπέπρακτο.

254 4480 280 4546 2)
300 4485 324 4545 3,
341 4485 386 4547 11;
405 4479 427 4531 Ε
443 4486 466 4534 8.
496 4480 580 4549 Cypri
599 4480 758 4549 episeopus:
779 4480 845 4546 E23
861 4479 894 4532 of.
910 4481 1058 4549 synaxaria
1074 4483 1116 4550 (A.
1135 4501 1155 4536 s.
1171 4482 1235 4536 mai.
1252 4482 1291 4536 VI
1308 4502 1335 4552 p.
1351 4489 1401 4536 681
1414 4483 1434 4538 Ο
1446 4491 1471 4538 2.

162 4558 301 4628 Menolog.
320 4559 420 4613 Basilii
439 4561 477 4613 ΠΙ
497 4561 533 4613 ad
553 4565 594 4614 25.
614 4560 678 4613 mai.
708 4560 803 4628 Migne
822 4562 841 4612 t.
859 4565 909 4612 117
928 4578 954 4630 p.
971 4565 1041 4631 473).

252 4642 278 4709 3)
296 4640 349 4694 Per
369 4658 494 4695 somnum
514 4641 590 4693 visus
617 4640 784 4693 adhortatur
806 4639 937 4693 timidum
960 4643 1156 4712 presbyterum
1179 4643 1471 4713 Constantinopolita-

161 4735 237 4786 num‚
256 4738 281 4773 v.
299 4726 340 4789 11,
356 4728 397 4775 11.
