<?xml version="1.0" encoding="UTF-8"?>
<!DOCTYPE html PUBLIC "-//W3C//DTD XHTML 1.0 Transitional//EN"
    "http://www.w3.org/TR/xhtml1/DTD/xhtml1-transitional.dtd">
<html xmlns="http://www.w3.org/1999/xhtml" xml:lang="en" lang="en">
 <head>
  <title>
</title>
<meta http-equiv="Content-Type" content="text/html;charset=utf-8" />
  <meta name='ocr-system' content='tesseract 3.04.00' />
  <meta name='ocr-capabilities' content='ocr_page ocr_carea ocr_par ocr_line ocrx_word'/>
</head>
<body>
  <div class='ocr_page' id='page_1' title='image "./deincubationeca00deubgoog/deincubationeca00deubgoog_0070.png"; bbox 0 0 3294 5190; ppageno 0'>
   <div class='ocr_carea' id='block_1_1' title="bbox 622 296 1470 362">
    <p class='ocr_par' dir='ltr' id='par_1_1' title="bbox 622 296 1470 362">
     <span class='ocr_line' id='line_1_1' title="bbox 622 296 1470 362; baseline 0.002 -12"><span class='ocrx_word' id='word_1_1' title='bbox 622 298 664 352; x_wconf 90' lang='lat' dir='ltr'><strong>De</strong></span> <span class='ocrx_word' id='word_1_2' title='bbox 682 296 863 352; x_wconf 75' lang='lat' dir='ltr'><strong>incubatione</strong></span> <span class='ocrx_word' id='word_1_3' title='bbox 882 296 1044 351; x_wconf 85' lang='lat' dir='ltr'><strong>christiana.</strong></span> <span class='ocrx_word' id='word_1_4' title='bbox 1429 297 1470 362; x_wconf 78' lang='lat'><strong>57</strong></span> 
     </span>
    </p>
   </div>
   <div class='ocr_carea' id='block_1_2' title="bbox 165 460 1533 3494">
    <p class='ocr_par' dir='ltr' id='par_1_2' title="bbox 165 460 1473 1018">
     <span class='ocr_line' id='line_1_2' title="bbox 256 460 1473 548; baseline 0.001 -23"><span class='ocrx_word' id='word_1_5' title='bbox 256 460 512 528; x_wconf 80' lang='lat' dir='ltr'><strong>Christianorum</strong></span> <span class='ocrx_word' id='word_1_6' title='bbox 537 484 665 546; x_wconf 93' lang='lat' dir='ltr'><strong>quoque</strong></span> <span class='ocrx_word' id='word_1_7' title='bbox 688 461 803 548; x_wconf 90' lang='lat' dir='ltr'><strong>religio</strong></span> <span class='ocrx_word' id='word_1_8' title='bbox 823 461 962 525; x_wconf 90' lang='lat' dir='ltr'><strong>habebat</strong></span> <span class='ocrx_word' id='word_1_9' title='bbox 980 464 1077 544; x_wconf 90' lang='lat' dir='ltr'><strong>atque</strong></span> <span class='ocrx_word' id='word_1_10' title='bbox 1096 460 1193 525; x_wconf 88' lang='lat' dir='ltr'><strong>habet</strong></span> <span class='ocrx_word' id='word_1_11' title='bbox 1213 482 1287 525; x_wconf 89' lang='lat' dir='ltr'><strong>suos</strong></span> <span class='ocrx_word' id='word_1_12' title='bbox 1307 462 1473 546; x_wconf 89' lang='lat' dir='ltr'><strong>semideos,</strong></span> 
     </span>
     <span class='ocr_line' id='line_1_3' title="bbox 165 559 1473 643; baseline -0.002 -18"><span class='ocrx_word' id='word_1_13' title='bbox 165 583 240 626; x_wconf 88' lang='lat' dir='ltr'><strong>suos</strong></span> <span class='ocrx_word' id='word_1_14' title='bbox 263 559 394 624; x_wconf 87' lang='lat' dir='ltr'><strong>heroas:</strong></span> <span class='ocrx_word' id='word_1_15' title='bbox 418 564 545 625; x_wconf 86' lang='grc'><strong>11111111</strong></span> <span class='ocrx_word' id='word_1_16' title='bbox 570 561 691 625; x_wconf 90' lang='lat' dir='ltr'><strong>scilicet</strong></span> <span class='ocrx_word' id='word_1_17' title='bbox 721 563 950 643; x_wconf 74' lang='lat' dir='ltr'><strong>martyresque.</strong></span> <span class='ocrx_word' id='word_1_18' title='bbox 995 559 1040 623; x_wconf 89' lang='lat' dir='ltr'><strong>Hi</strong></span> <span class='ocrx_word' id='word_1_19' title='bbox 1069 582 1196 643; x_wconf 91' lang='lat' dir='ltr'><strong>quoque</strong></span> <span class='ocrx_word' id='word_1_20' title='bbox 1225 564 1300 625; x_wconf 89' lang='lat' dir='ltr'><strong>sunt</strong></span> <span class='ocrx_word' id='word_1_21' title='bbox 1326 560 1473 625; x_wconf 89' lang='lat' dir='ltr'><strong>homines</strong></span> 
     </span>
     <span class='ocr_line' id='line_1_4' title="bbox 169 657 1473 743; baseline 0 -21"><span class='ocrx_word' id='word_1_22' title='bbox 169 662 302 743; x_wconf 90' lang='lat' dir='ltr'><strong>propter</strong></span> <span class='ocrx_word' id='word_1_23' title='bbox 335 658 469 723; x_wconf 84' lang='lat' dir='ltr'><strong>eximias</strong></span> <span class='ocrx_word' id='word_1_24' title='bbox 502 659 638 723; x_wconf 86' lang='lat' dir='ltr'><strong>virtutes</strong></span> <span class='ocrx_word' id='word_1_25' title='bbox 675 658 878 742; x_wconf 89' lang='lat' dir='ltr'><strong>christianas,</strong></span> <span class='ocrx_word' id='word_1_26' title='bbox 916 661 1050 741; x_wconf 88' lang='lat' dir='ltr'><strong>propter</strong></span> <span class='ocrx_word' id='word_1_27' title='bbox 1085 657 1186 721; x_wconf 88' lang='lat' dir='ltr'><strong>vitam</strong></span> <span class='ocrx_word' id='word_1_28' title='bbox 1224 657 1294 722; x_wconf 90' lang='lat' dir='ltr'><strong>Deo</strong></span> <span class='ocrx_word' id='word_1_29' title='bbox 1327 658 1473 742; x_wconf 88' lang='lat' dir='ltr'><strong>dicatam,</strong></span> 
     </span>
     <span class='ocr_line' id='line_1_5' title="bbox 167 755 1473 843; baseline -0.001 -22"><span class='ocrx_word' id='word_1_30' title='bbox 167 761 301 843; x_wconf 89' lang='lat' dir='ltr'><strong>propter</strong></span> <span class='ocrx_word' id='word_1_31' title='bbox 324 757 420 821; x_wconf 90' lang='lat' dir='ltr'><strong>fidem</strong></span> <span class='ocrx_word' id='word_1_32' title='bbox 444 761 549 822; x_wconf 86' lang='lat' dir='ltr'><strong>morte</strong></span> <span class='ocrx_word' id='word_1_33' title='bbox 573 757 732 842; x_wconf 77' lang='lat' dir='ltr'><strong>signatam</strong></span> <span class='ocrx_word' id='word_1_34' title='bbox 755 755 958 820; x_wconf 84' lang='lat' dir='ltr'><strong>divinitatem</strong></span> <span class='ocrx_word' id='word_1_35' title='bbox 983 755 1142 838; x_wconf 91' lang='lat' dir='ltr'><strong>quandam</strong></span> <span class='ocrx_word' id='word_1_36' title='bbox 1165 756 1264 840; x_wconf 80' lang='lat' dir='ltr'><strong>nacti3</strong></span> <span class='ocrx_word' id='word_1_37' title='bbox 1288 756 1322 820; x_wconf 91' lang='lat' dir='ltr'><strong>hi</strong></span> <span class='ocrx_word' id='word_1_38' title='bbox 1346 778 1473 840; x_wconf 92' lang='lat' dir='ltr'><strong>quoque</strong></span> 
     </span>
     <span class='ocr_line' id='line_1_6' title="bbox 165 853 1473 939; baseline -0.002 -19"><span class='ocrx_word' id='word_1_39' title='bbox 165 857 352 939; x_wconf 87' lang='lat' dir='ltr'><strong>adorantur,</strong></span> <span class='ocrx_word' id='word_1_40' title='bbox 386 855 437 919; x_wconf 88' lang='lat' dir='ltr'><strong>his</strong></span> <span class='ocrx_word' id='word_1_41' title='bbox 470 877 598 939; x_wconf 93' lang='lat' dir='ltr'><strong>quoque</strong></span> <span class='ocrx_word' id='word_1_42' title='bbox 626 858 702 920; x_wconf 85' lang='lat' dir='ltr'><strong>vota</strong></span> <span class='ocrx_word' id='word_1_43' title='bbox 734 858 960 938; x_wconf 79' lang='lat' dir='ltr'><strong>nuncupantur</strong></span> <span class='ocrx_word' id='word_1_44' title='bbox 997 856 1030 917; x_wconf 89' lang='lat' dir='ltr'><strong>et</strong></span> <span class='ocrx_word' id='word_1_45' title='bbox 1062 853 1244 936; x_wconf 85' lang='lat' dir='ltr'><strong>solvuntur,</strong></span> <span class='ocrx_word' id='word_1_46' title='bbox 1277 854 1312 917; x_wconf 91' lang='lat' dir='ltr'><strong>hi</strong></span> <span class='ocrx_word' id='word_1_47' title='bbox 1346 877 1473 939; x_wconf 90' lang='lat' dir='ltr'><strong>quoque</strong></span> 
     </span>
     <span class='ocr_line' id='line_1_7' title="bbox 167 953 585 1018; baseline -0.002 0"><span class='ocrx_word' id='word_1_48' title='bbox 167 955 288 1018; x_wconf 90' lang='lat' dir='ltr'><strong>habent</strong></span> <span class='ocrx_word' id='word_1_49' title='bbox 312 976 405 1017; x_wconf 86' lang='lat' dir='ltr'><strong>suum</strong></span> <span class='ocrx_word' id='word_1_50' title='bbox 428 953 585 1017; x_wconf 91' lang='lat' dir='ltr'><strong>cultum.</strong></span> 
     </span>
    </p>

    <p class='ocr_par' dir='ltr' id='par_1_3' title="bbox 166 1050 1533 3494">
     <span class='ocr_line' id='line_1_8' title="bbox 257 1050 1473 1136; baseline -0.002 -19"><span class='ocrx_word' id='word_1_51' title='bbox 257 1051 401 1128; x_wconf 85' lang='lat' dir='ltr'><strong>Quorum</strong></span> <span class='ocrx_word' id='word_1_52' title='bbox 426 1054 610 1116; x_wconf 91' lang='lat' dir='ltr'><strong>sanctorum</strong></span> <span class='ocrx_word' id='word_1_53' title='bbox 634 1056 754 1136; x_wconf 89' lang='lat' dir='ltr'><strong>quanta</strong></span> <span class='ocrx_word' id='word_1_54' title='bbox 777 1050 876 1115; x_wconf 90' lang='lat' dir='ltr'><strong>fuerit</strong></span> <span class='ocrx_word' id='word_1_55' title='bbox 898 1072 1000 1134; x_wconf 89' lang='lat' dir='ltr'><strong>usque</strong></span> <span class='ocrx_word' id='word_1_56' title='bbox 1024 1050 1064 1113; x_wconf 91' lang='lat' dir='ltr'><strong>ad</strong></span> <span class='ocrx_word' id='word_1_57' title='bbox 1091 1054 1234 1114; x_wconf 87' lang='lat' dir='ltr'><strong>nostram</strong></span> <span class='ocrx_word' id='word_1_58' title='bbox 1263 1053 1401 1115; x_wconf 88' lang='lat' dir='ltr'><strong>aetatem</strong></span> <span class='ocrx_word' id='word_1_59' title='bbox 1424 1053 1473 1116; x_wconf 87' lang='lat' dir='ltr'><strong>vis</strong></span> 
     </span>
     <span class='ocr_line' id='line_1_9' title="bbox 166 1147 1474 1235; baseline -0.001 -20"><span class='ocrx_word' id='word_1_60' title='bbox 166 1150 314 1215; x_wconf 90' lang='lat' dir='ltr'><strong>medendi</strong></span> <span class='ocrx_word' id='word_1_61' title='bbox 341 1149 502 1214; x_wconf 91' lang='lat' dir='ltr'><strong>neminem</strong></span> <span class='ocrx_word' id='word_1_62' title='bbox 526 1149 619 1235; x_wconf 84' lang='lat' dir='ltr'><strong>fugit.</strong></span> <span class='ocrx_word' id='word_1_63' title='bbox 665 1148 704 1213; x_wconf 86' lang='lat' dir='ltr'><strong>ln</strong></span> <span class='ocrx_word' id='word_1_64' title='bbox 732 1149 828 1213; x_wconf 88' lang='lat' dir='ltr'><strong>sacris</strong></span> <span class='ocrx_word' id='word_1_65' title='bbox 857 1171 969 1214; x_wconf 91' lang='lat' dir='ltr'><strong>eorum</strong></span> <span class='ocrx_word' id='word_1_66' title='bbox 998 1147 1122 1234; x_wconf 82' lang='lat' dir='ltr'><strong>aegroti</strong></span> <span class='ocrx_word' id='word_1_67' title='bbox 1150 1151 1316 1232; x_wconf 85' lang='lat' dir='ltr'><strong>curantur,</strong></span> <span class='ocrx_word' id='word_1_68' title='bbox 1344 1149 1474 1232; x_wconf 89' lang='lat' dir='ltr'><strong>pariunt</strong></span> 
     </span>
     <span class='ocr_line' id='line_1_10' title="bbox 166 1246 1474 1332; baseline -0.002 -19"><span class='ocrx_word' id='word_1_69' title='bbox 166 1249 300 1332; x_wconf 87' lang='lat' dir='ltr'><strong>steriles,</strong></span> <span class='ocrx_word' id='word_1_70' title='bbox 320 1248 440 1312; x_wconf 93' lang='lat' dir='ltr'><strong>mortui</strong></span> <span class='ocrx_word' id='word_1_71' title='bbox 458 1247 663 1312; x_wconf 80' lang='lat' dir='ltr'><strong>reviviscunt.</strong></span> <span class='ocrx_word' id='word_1_72' title='bbox 700 1247 800 1312; x_wconf 90' lang='lat' dir='ltr'><strong>Medii</strong></span> <span class='ocrx_word' id='word_1_73' title='bbox 819 1247 889 1312; x_wconf 80' lang='lat' dir='ltr'><strong>aevi</strong></span> <span class='ocrx_word' id='word_1_74' title='bbox 908 1247 1028 1331; x_wconf 91' lang='lat' dir='ltr'><strong>scripta</strong></span> <span class='ocrx_word' id='word_1_75' title='bbox 1047 1246 1333 1310; x_wconf 85' lang='lat' dir='ltr'><strong>innumerabilibus</strong></span> <span class='ocrx_word' id='word_1_76' title='bbox 1352 1247 1474 1331; x_wconf 90' lang='lat' dir='ltr'><strong>repleta</strong></span> 
     </span>
     <span class='ocr_line' id='line_1_11' title="bbox 167 1343 1475 1431; baseline -0.002 -20"><span class='ocrx_word' id='word_1_77' title='bbox 167 1350 242 1412; x_wconf 89' lang='lat' dir='ltr'><strong>sunt</strong></span> <span class='ocrx_word' id='word_1_78' title='bbox 266 1346 428 1410; x_wconf 86' lang='lat' dir='ltr'><strong>miraculis</strong></span> <span class='ocrx_word' id='word_1_79' title='bbox 453 1346 487 1409; x_wconf 91' lang='lat' dir='ltr'><strong>in</strong></span> <span class='ocrx_word' id='word_1_80' title='bbox 510 1345 570 1410; x_wconf 91' lang='lat' dir='ltr'><strong>Dei</strong></span> <span class='ocrx_word' id='word_1_81' title='bbox 594 1349 836 1430; x_wconf 82' lang='lat' dir='ltr'><strong>martyrumque</strong></span> <span class='ocrx_word' id='word_1_82' title='bbox 859 1345 997 1431; x_wconf 82' lang='lat' dir='ltr'><strong>gloriam</strong></span> <span class='ocrx_word' id='word_1_83' title='bbox 1016 1344 1223 1430; x_wconf 78' lang='lat' dir='ltr'><strong>pervulgatis.</strong></span> <span class='ocrx_word' id='word_1_84' title='bbox 1261 1343 1343 1409; x_wconf 81' lang='lat' dir='ltr'><strong>Sunt</strong></span> <span class='ocrx_word' id='word_1_85' title='bbox 1367 1349 1475 1410; x_wconf 89' lang='lat' dir='ltr'><strong>tamen</strong></span> 
     </span>
     <span class='ocr_line' id='line_1_12' title="bbox 167 1441 1473 1528; baseline -0.002 -18"><span class='ocrx_word' id='word_1_86' title='bbox 167 1445 316 1510; x_wconf 88' lang='lat' dir='ltr'><strong>nonnulli</strong></span> <span class='ocrx_word' id='word_1_87' title='bbox 350 1467 389 1508; x_wconf 84' lang='lat' dir='ltr'><strong>ex</strong></span> <span class='ocrx_word' id='word_1_88' title='bbox 420 1444 549 1509; x_wconf 90' lang='lat' dir='ltr'><strong>illorum</strong></span> <span class='ocrx_word' id='word_1_89' title='bbox 584 1448 770 1510; x_wconf 88' lang='lat' dir='ltr'><strong>sanctorum</strong></span> <span class='ocrx_word' id='word_1_90' title='bbox 803 1465 952 1527; x_wconf 88' lang='lat' dir='ltr'><strong>numero,</strong></span> <span class='ocrx_word' id='word_1_91' title='bbox 988 1444 1044 1528; x_wconf 94' lang='lat' dir='ltr'><strong>qui</strong></span> <span class='ocrx_word' id='word_1_92' title='bbox 1080 1441 1239 1526; x_wconf 89' lang='lat' dir='ltr'><strong>imprimis</strong></span> <span class='ocrx_word' id='word_1_93' title='bbox 1274 1443 1306 1508; x_wconf 81' lang='lat' dir='ltr'><strong>vi</strong></span> <span class='ocrx_word' id='word_1_94' title='bbox 1337 1443 1473 1527; x_wconf 89' lang='lat' dir='ltr'><strong>quadam</strong></span> 
     </span>
     <span class='ocr_line' id='line_1_13' title="bbox 169 1540 1475 1627; baseline -0.002 -20"><span class='ocrx_word' id='word_1_95' title='bbox 169 1542 335 1607; x_wconf 84' lang='lat' dir='ltr'><strong>salutifera</strong></span> <span class='ocrx_word' id='word_1_96' title='bbox 359 1541 525 1625; x_wconf 85' lang='lat' dir='ltr'><strong>excellant,</strong></span> <span class='ocrx_word' id='word_1_97' title='bbox 551 1563 688 1625; x_wconf 90' lang='lat' dir='ltr'><strong>quorum</strong></span> <span class='ocrx_word' id='word_1_98' title='bbox 711 1542 745 1606; x_wconf 91' lang='lat' dir='ltr'><strong>in</strong></span> <span class='ocrx_word' id='word_1_99' title='bbox 768 1542 897 1626; x_wconf 89' lang='lat' dir='ltr'><strong>templis</strong></span> <span class='ocrx_word' id='word_1_100' title='bbox 921 1541 1075 1606; x_wconf 90' lang='lat' dir='ltr'><strong>continuo</strong></span> <span class='ocrx_word' id='word_1_101' title='bbox 1094 1540 1282 1605; x_wconf 78' lang='lat' dir='ltr'><strong>versabatur</strong></span> <span class='ocrx_word' id='word_1_102' title='bbox 1300 1563 1475 1627; x_wconf 87' lang='lat' dir='ltr'><strong>permagna</strong></span> 
     </span>
     <span class='ocr_line' id='line_1_14' title="bbox 168 1639 1475 1727; baseline 0 -23"><span class='ocrx_word' id='word_1_103' title='bbox 168 1641 408 1727; x_wconf 83' lang='lat' dir='ltr'><strong>aegrotantium</strong></span> <span class='ocrx_word' id='word_1_104' title='bbox 442 1644 576 1705; x_wconf 85' lang='lat' dir='ltr'><strong>caterva.</strong></span> <span class='ocrx_word' id='word_1_105' title='bbox 629 1640 755 1705; x_wconf 90' lang='lat' dir='ltr'><strong>Horum</strong></span> <span class='ocrx_word' id='word_1_106' title='bbox 783 1640 937 1704; x_wconf 90' lang='lat' dir='ltr'><strong>miracula</strong></span> <span class='ocrx_word' id='word_1_107' title='bbox 966 1640 1022 1723; x_wconf 92' lang='lat' dir='ltr'><strong>qui</strong></span> <span class='ocrx_word' id='word_1_108' title='bbox 1054 1639 1264 1723; x_wconf 87' lang='lat' dir='ltr'><strong>perlustrabit</strong></span> <span class='ocrx_word' id='word_1_109' title='bbox 1290 1639 1475 1723; x_wconf 87' lang='lat' dir='ltr'><strong>videbitque</strong></span> 
     </span>
     <span class='ocr_line' id='line_1_15' title="bbox 168 1736 1477 1824; baseline -0.002 -20"><span class='ocrx_word' id='word_1_110' title='bbox 168 1762 226 1824; x_wconf 92' lang='lat' dir='ltr'><strong>per</strong></span> <span class='ocrx_word' id='word_1_111' title='bbox 249 1739 411 1805; x_wconf 91' lang='lat' dir='ltr'><strong>somnium</strong></span> <span class='ocrx_word' id='word_1_112' title='bbox 436 1761 589 1824; x_wconf 88' lang='lat' dir='ltr'><strong>apparere</strong></span> <span class='ocrx_word' id='word_1_113' title='bbox 612 1743 770 1823; x_wconf 88' lang='lat' dir='ltr'><strong>martyres</strong></span> <span class='ocrx_word' id='word_1_114' title='bbox 793 1743 830 1803; x_wconf 92' lang='lat' dir='ltr'><strong>ut</strong></span> <span class='ocrx_word' id='word_1_115' title='bbox 849 1738 989 1824; x_wconf 80' lang='lat' dir='ltr'><strong>aegrotis</strong></span> <span class='ocrx_word' id='word_1_116' title='bbox 1012 1738 1153 1802; x_wconf 89' lang='lat' dir='ltr'><strong>remedia</strong></span> <span class='ocrx_word' id='word_1_117' title='bbox 1177 1737 1318 1802; x_wconf 91' lang='lat' dir='ltr'><strong>indicent</strong></span> <span class='ocrx_word' id='word_1_118' title='bbox 1340 1736 1392 1802; x_wconf 87' lang='lat' dir='ltr'><strong>vel</strong></span> <span class='ocrx_word' id='word_1_119' title='bbox 1415 1742 1477 1802; x_wconf 83' lang='lat' dir='ltr'><strong>sta</strong></span> 
     </span>
     <span class='ocr_line' id='line_1_16' title="bbox 168 1836 1475 1922; baseline -0.001 -20"><span class='ocrx_word' id='word_1_120' title='bbox 168 1839 227 1902; x_wconf 90' lang='lat' dir='ltr'><strong>tim</strong></span> <span class='ocrx_word' id='word_1_121' title='bbox 252 1859 306 1903; x_wconf 88' lang='lat' dir='ltr'><strong>eos</strong></span> <span class='ocrx_word' id='word_1_122' title='bbox 331 1842 454 1922; x_wconf 84' lang='lat' dir='ltr'><strong>sanent,</strong></span> <span class='ocrx_word' id='word_1_123' title='bbox 477 1837 582 1922; x_wconf 90' lang='lat' dir='ltr'><strong>primo</strong></span> <span class='ocrx_word' id='word_1_124' title='bbox 608 1837 724 1901; x_wconf 89' lang='lat' dir='ltr'><strong>sentiet</strong></span> <span class='ocrx_word' id='word_1_125' title='bbox 748 1837 864 1901; x_wconf 91' lang='lat' dir='ltr'><strong>obtutu</strong></span> <span class='ocrx_word' id='word_1_126' title='bbox 887 1841 1027 1901; x_wconf 87' lang='lat' dir='ltr'><strong>veterem</strong></span> <span class='ocrx_word' id='word_1_127' title='bbox 1050 1858 1251 1921; x_wconf 91' lang='lat' dir='ltr'><strong>paganorum</strong></span> <span class='ocrx_word' id='word_1_128' title='bbox 1274 1836 1475 1901; x_wconf 89' lang='lat' dir='ltr'><strong>statuendam</strong></span> 
     </span>
     <span class='ocr_line' id='line_1_17' title="bbox 169 1933 1477 2020; baseline 0 -20"><span class='ocrx_word' id='word_1_129' title='bbox 169 1958 238 2001; x_wconf 91' lang='lat' dir='ltr'><strong>esse</strong></span> <span class='ocrx_word' id='word_1_130' title='bbox 262 1936 510 2020; x_wconf 77' lang='lat' dir='ltr'><strong>lucubationem,</strong></span> <span class='ocrx_word' id='word_1_131' title='bbox 535 1958 616 2020; x_wconf 90' lang='lat' dir='ltr'><strong>quae</strong></span> <span class='ocrx_word' id='word_1_132' title='bbox 639 1933 686 2000; x_wconf 90' lang='lat' dir='ltr'><strong>nil</strong></span> <span class='ocrx_word' id='word_1_133' title='bbox 709 1935 773 1999; x_wconf 90' lang='lat' dir='ltr'><strong>nisi</strong></span> <span class='ocrx_word' id='word_1_134' title='bbox 796 1938 917 1999; x_wconf 87' lang='lat' dir='ltr'><strong>vestem</strong></span> <span class='ocrx_word' id='word_1_135' title='bbox 941 1934 1122 1999; x_wconf 87' lang='lat' dir='ltr'><strong>mutaverit.</strong></span> <span class='ocrx_word' id='word_1_136' title='bbox 1169 1933 1271 2010; x_wconf 83' lang='lat' dir='ltr'><strong>Quam</strong></span> <span class='ocrx_word' id='word_1_137' title='bbox 1300 1935 1477 2000; x_wconf 88' lang='lat' dir='ltr'><strong>incubatio·</strong></span> 
     </span>
     <span class='ocr_line' id='line_1_18' title="bbox 167 2032 1533 2117; baseline -0.002 -18"><span class='ocrx_word' id='word_1_138' title='bbox 167 2058 240 2099; x_wconf 89' lang='lat' dir='ltr'><strong>nem</strong></span> <span class='ocrx_word' id='word_1_139' title='bbox 264 2039 301 2099; x_wconf 93' lang='lat' dir='ltr'><strong>ut</strong></span> <span class='ocrx_word' id='word_1_140' title='bbox 325 2035 371 2098; x_wconf 93' lang='lat' dir='ltr'><strong>ita</strong></span> <span class='ocrx_word' id='word_1_141' title='bbox 395 2034 498 2099; x_wconf 91' lang='lat' dir='ltr'><strong>dicam</strong></span> <span class='ocrx_word' id='word_1_142' title='bbox 521 2034 729 2098; x_wconf 89' lang='lat' dir='ltr'><strong>christianam</strong></span> <span class='ocrx_word' id='word_1_143' title='bbox 754 2033 822 2116; x_wconf 85' lang='lat' dir='ltr'><strong>etsi,</strong></span> <span class='ocrx_word' id='word_1_144' title='bbox 847 2033 903 2116; x_wconf 89' lang='lat' dir='ltr'><strong>qui</strong></span> <span class='ocrx_word' id='word_1_145' title='bbox 927 2033 965 2097; x_wconf 87' lang='lat' dir='ltr'><strong>de</strong></span> <span class='ocrx_word' id='word_1_146' title='bbox 988 2032 1194 2097; x_wconf 91' lang='lat' dir='ltr'><strong>incubatione</strong></span> <span class='ocrx_word' id='word_1_147' title='bbox 1217 2032 1321 2097; x_wconf 90' lang='lat' dir='ltr'><strong>adhuc</strong></span> <span class='ocrx_word' id='word_1_148' title='bbox 1344 2034 1477 2117; x_wconf 88' lang='lat' dir='ltr'><strong>scripse·</strong></span> <span class='ocrx_word' id='word_1_149' title='bbox 1531 2079 1533 2082; x_wconf 23' lang='grc' dir='ltr'><strong><em>ι</em></strong></span> 
     </span>
     <span class='ocr_line' id='line_1_19' title="bbox 172 2130 1478 2218; baseline -0.002 -21"><span class='ocrx_word' id='word_1_150' title='bbox 172 2137 257 2218; x_wconf 84' lang='lat' dir='ltr'><strong>runt,</strong></span> <span class='ocrx_word' id='word_1_151' title='bbox 281 2133 335 2197; x_wconf 91' lang='lat' dir='ltr'><strong>hic</strong></span> <span class='ocrx_word' id='word_1_152' title='bbox 359 2132 427 2196; x_wconf 88' lang='lat' dir='ltr'><strong>illic</strong></span> <span class='ocrx_word' id='word_1_153' title='bbox 451 2132 562 2216; x_wconf 87' lang='lat' dir='ltr'><strong>paucis</strong></span> <span class='ocrx_word' id='word_1_154' title='bbox 586 2132 773 2218; x_wconf 88' lang='lat' dir='ltr'><strong>attigerunt,</strong></span> <span class='ocrx_word' id='word_1_155' title='bbox 796 2136 905 2195; x_wconf 90' lang='lat' dir='ltr'><strong>tamen</strong></span> <span class='ocrx_word' id='word_1_156' title='bbox 932 2130 1053 2218; x_wconf 84' lang='lat' dir='ltr'><strong>singuli</strong></span> <span class='ocrx_word' id='word_1_157' title='bbox 1080 2133 1205 2194; x_wconf 90' lang='lat' dir='ltr'><strong>tantum</strong></span> <span class='ocrx_word' id='word_1_158' title='bbox 1234 2130 1297 2196; x_wconf 90' lang='lat' dir='ltr'><strong>loci</strong></span> <span class='ocrx_word' id='word_1_159' title='bbox 1327 2132 1368 2195; x_wconf 92' lang='lat' dir='ltr'><strong>ad</strong></span> <span class='ocrx_word' id='word_1_160' title='bbox 1394 2132 1478 2195; x_wconf 92' lang='lat' dir='ltr'><strong>hanc</strong></span> 
     </span>
     <span class='ocr_line' id='line_1_20' title="bbox 168 2228 1477 2315; baseline -0.002 -20"><span class='ocrx_word' id='word_1_161' title='bbox 168 2254 237 2295; x_wconf 90' lang='lat' dir='ltr'><strong>rem</strong></span> <span class='ocrx_word' id='word_1_162' title='bbox 263 2232 319 2313; x_wconf 89' lang='lat' dir='ltr'><strong>qui</strong></span> <span class='ocrx_word' id='word_1_163' title='bbox 343 2234 489 2315; x_wconf 87' lang='lat' dir='ltr'><strong>spectant</strong></span> <span class='ocrx_word' id='word_1_164' title='bbox 512 2235 588 2296; x_wconf 89' lang='lat' dir='ltr'><strong>sunt</strong></span> <span class='ocrx_word' id='word_1_165' title='bbox 610 2230 774 2315; x_wconf 88' lang='lat' dir='ltr'><strong>protracti.</strong></span> <span class='ocrx_word' id='word_1_166' title='bbox 816 2228 981 2294; x_wconf 89' lang='lat' dir='ltr'><strong>Nimirum</strong></span> <span class='ocrx_word' id='word_1_167' title='bbox 1005 2229 1174 2315; x_wconf 89' lang='lat' dir='ltr'><strong>ignoscant</strong></span> <span class='ocrx_word' id='word_1_168' title='bbox 1198 2229 1278 2293; x_wconf 91' lang='lat' dir='ltr'><strong>mihi</strong></span> <span class='ocrx_word' id='word_1_169' title='bbox 1306 2229 1368 2293; x_wconf 86' lang='lat' dir='ltr'><strong>viri</strong></span> <span class='ocrx_word' id='word_1_170' title='bbox 1392 2229 1477 2294; x_wconf 89' lang='lat' dir='ltr'><strong>docti</strong></span> 
     </span>
     <span class='ocr_line' id='line_1_21' title="bbox 171 2327 1477 2414; baseline -0.002 -21"><span class='ocrx_word' id='word_1_171' title='bbox 171 2329 330 2414; x_wconf 88' lang='lat' dir='ltr'><strong>imprimis</strong></span> <span class='ocrx_word' id='word_1_172' title='bbox 354 2329 507 2414; x_wconf 84' lang='lat' dir='ltr'><strong>theologi,</strong></span> <span class='ocrx_word' id='word_1_173' title='bbox 532 2330 558 2393; x_wconf 90' lang='lat' dir='ltr'><strong>si</strong></span> <span class='ocrx_word' id='word_1_174' title='bbox 584 2351 664 2413; x_wconf 87' lang='lat' dir='ltr'><strong>quae</strong></span> <span class='ocrx_word' id='word_1_175' title='bbox 687 2328 873 2393; x_wconf 87' lang='lat' dir='ltr'><strong>testimonia</strong></span> <span class='ocrx_word' id='word_1_176' title='bbox 891 2327 1169 2411; x_wconf 88' lang='lat' dir='ltr'><strong>praetermiserim,</strong></span> <span class='ocrx_word' id='word_1_177' title='bbox 1193 2347 1265 2391; x_wconf 92' lang='lat' dir='ltr'><strong>cum</strong></span> <span class='ocrx_word' id='word_1_178' title='bbox 1290 2329 1477 2410; x_wconf 87' lang='lat' dir='ltr'><strong>praesertim</strong></span> 
     </span>
     <span class='ocr_line' id='line_1_22' title="bbox 169 2425 1477 2513; baseline -0.003 -20"><span class='ocrx_word' id='word_1_179' title='bbox 169 2431 204 2493; x_wconf 91' lang='lat' dir='ltr'><strong>in</strong></span> <span class='ocrx_word' id='word_1_180' title='bbox 227 2429 290 2494; x_wconf 90' lang='lat' dir='ltr'><strong>hoc</strong></span> <span class='ocrx_word' id='word_1_181' title='bbox 313 2428 417 2513; x_wconf 91' lang='lat' dir='ltr'><strong>capite</strong></span> <span class='ocrx_word' id='word_1_182' title='bbox 442 2428 533 2512; x_wconf 88' lang='lat' dir='ltr'><strong>quasi</strong></span> <span class='ocrx_word' id='word_1_183' title='bbox 552 2426 785 2513; x_wconf 87' lang='lat' dir='ltr'><strong>peregrinando</strong></span> <span class='ocrx_word' id='word_1_184' title='bbox 804 2425 940 2490; x_wconf 88' lang='lat' dir='ltr'><strong>aliorum</strong></span> <span class='ocrx_word' id='word_1_185' title='bbox 960 2426 1039 2489; x_wconf 90' lang='lat' dir='ltr'><strong>fines</strong></span> <span class='ocrx_word' id='word_1_186' title='bbox 1059 2425 1233 2511; x_wconf 82' lang='lat' dir='ltr'><strong>ingrediar3</strong></span> <span class='ocrx_word' id='word_1_187' title='bbox 1257 2447 1350 2509; x_wconf 91' lang='lat' dir='ltr'><strong>spero</strong></span> <span class='ocrx_word' id='word_1_188' title='bbox 1370 2430 1477 2490; x_wconf 89' lang='lat' dir='ltr'><strong>tamen</strong></span> 
     </span>
     <span class='ocr_line' id='line_1_23' title="bbox 168 2521 1477 2614; baseline -0.002 -23"><span class='ocrx_word' id='word_1_189' title='bbox 168 2526 358 2614; x_wconf 85' lang='lat' dir='ltr'><strong>gravissima</strong></span> <span class='ocrx_word' id='word_1_190' title='bbox 380 2548 399 2589; x_wconf 92' lang='lat' dir='ltr'><strong>a</strong></span> <span class='ocrx_word' id='word_1_191' title='bbox 422 2548 473 2590; x_wconf 93' lang='lat' dir='ltr'><strong>me</strong></span> <span class='ocrx_word' id='word_1_192' title='bbox 497 2548 565 2590; x_wconf 90' lang='lat' dir='ltr'><strong>esse</strong></span> <span class='ocrx_word' id='word_1_193' title='bbox 589 2524 739 2609; x_wconf 86' lang='lat' dir='ltr'><strong>collecta,</strong></span> <span class='ocrx_word' id='word_1_194' title='bbox 763 2546 844 2608; x_wconf 91' lang='lat' dir='ltr'><strong>quae</strong></span> <span class='ocrx_word' id='word_1_195' title='bbox 873 2523 1002 2608; x_wconf 90' lang='lat' dir='ltr'><strong>quidem</strong></span> <span class='ocrx_word' id='word_1_196' title='bbox 1031 2545 1071 2588; x_wconf 91' lang='lat' dir='ltr'><strong>ss.</strong></span> <span class='ocrx_word' id='word_1_197' title='bbox 1101 2521 1234 2587; x_wconf 77' lang='lat' dir='ltr'><strong>Cosmae</strong></span> <span class='ocrx_word' id='word_1_198' title='bbox 1263 2527 1294 2589; x_wconf 96' lang='grc'><strong>11</strong></span> <span class='ocrx_word' id='word_1_199' title='bbox 1317 2523 1477 2608; x_wconf 90' lang='lat' dir='ltr'><strong>Damiani,</strong></span> 
     </span>
     <span class='ocr_line' id='line_1_24' title="bbox 169 2621 1478 2714; baseline -0.002 -24"><span class='ocrx_word' id='word_1_200' title='bbox 169 2650 208 2690; x_wconf 91' lang='grc'><strong>11.</strong></span> <span class='ocrx_word' id='word_1_201' title='bbox 233 2624 308 2709; x_wconf 82' lang='lat' dir='ltr'><strong>Gyri</strong></span> <span class='ocrx_word' id='word_1_202' title='bbox 332 2628 365 2690; x_wconf 90' lang='lat' dir='ltr'><strong>et</strong></span> <span class='ocrx_word' id='word_1_203' title='bbox 382 2623 521 2708; x_wconf 90' lang='lat' dir='ltr'><strong>Ioannis,</strong></span> <span class='ocrx_word' id='word_1_204' title='bbox 545 2646 568 2689; x_wconf 93' lang='lat' dir='ltr'><strong>s.</strong></span> <span class='ocrx_word' id='word_1_205' title='bbox 588 2622 735 2714; x_wconf 80' lang='lat' dir='ltr'><strong>Theclae,</strong></span> <span class='ocrx_word' id='word_1_206' title='bbox 761 2645 785 2687; x_wconf 88' lang='lat' dir='ltr'><strong>s.</strong></span> <span class='ocrx_word' id='word_1_207' title='bbox 804 2622 1019 2706; x_wconf 82' lang='lat' dir='ltr'><strong>Therapontis</strong></span> <span class='ocrx_word' id='word_1_208' title='bbox 1039 2623 1149 2687; x_wconf 89' lang='lat' dir='ltr'><strong>insunt</strong></span> <span class='ocrx_word' id='word_1_209' title='bbox 1168 2621 1375 2709; x_wconf 78' lang='lat' dir='ltr'><strong>miraculis.1)</strong></span> <span class='ocrx_word' id='word_1_210' title='bbox 1407 2621 1478 2688; x_wconf 89' lang='lat' dir='ltr'><strong>Nec</strong></span> 
     </span>
     <span class='ocr_line' id='line_1_25' title="bbox 169 2720 1477 2807; baseline -0.005 -15"><span class='ocrx_word' id='word_1_211' title='bbox 169 2747 235 2792; x_wconf 90' lang='lat' dir='ltr'><strong>non</strong></span> <span class='ocrx_word' id='word_1_212' title='bbox 258 2724 292 2787; x_wconf 91' lang='lat' dir='ltr'><strong>in</strong></span> <span class='ocrx_word' id='word_1_213' title='bbox 314 2722 366 2786; x_wconf 91' lang='lat' dir='ltr'><strong>his</strong></span> <span class='ocrx_word' id='word_1_214' title='bbox 389 2722 587 2807; x_wconf 88' lang='lat' dir='ltr'><strong>martyribus</strong></span> <span class='ocrx_word' id='word_1_215' title='bbox 610 2721 785 2786; x_wconf 86' lang='lat' dir='ltr'><strong>tractandis</strong></span> <span class='ocrx_word' id='word_1_216' title='bbox 809 2743 919 2785; x_wconf 89' lang='lat' dir='ltr'><strong>eruere</strong></span> <span class='ocrx_word' id='word_1_217' title='bbox 943 2720 1061 2805; x_wconf 84' lang='lat' dir='ltr'><strong>studui,</strong></span> <span class='ocrx_word' id='word_1_218' title='bbox 1084 2743 1161 2785; x_wconf 91' lang='lat' dir='ltr'><strong>num</strong></span> <span class='ocrx_word' id='word_1_219' title='bbox 1186 2720 1269 2785; x_wconf 86' lang='lat' dir='ltr'><strong>forte</strong></span> <span class='ocrx_word' id='word_1_220' title='bbox 1294 2743 1357 2804; x_wconf 91' lang='lat' dir='ltr'><strong>quo</strong></span> <span class='ocrx_word' id='word_1_221' title='bbox 1381 2720 1477 2785; x_wconf 90' lang='lat' dir='ltr'><strong>modo</strong></span> 
     </span>
     <span class='ocr_line' id='line_1_26' title="bbox 170 2818 1479 2904; baseline -0.004 -17"><span class='ocrx_word' id='word_1_222' title='bbox 170 2845 242 2888; x_wconf 88' lang='lat' dir='ltr'><strong>cum</strong></span> <span class='ocrx_word' id='word_1_223' title='bbox 261 2820 401 2885; x_wconf 89' lang='lat' dir='ltr'><strong>cultibus</strong></span> <span class='ocrx_word' id='word_1_224' title='bbox 422 2818 615 2884; x_wconf 83' lang='lat' dir='ltr'><strong>Graecorum</strong></span> <span class='ocrx_word' id='word_1_225' title='bbox 635 2818 767 2884; x_wconf 92' lang='lat' dir='ltr'><strong>deorum</strong></span> <span class='ocrx_word' id='word_1_226' title='bbox 787 2819 1003 2903; x_wconf 87' lang='lat' dir='ltr'><strong>cohaererent,</strong></span> <span class='ocrx_word' id='word_1_227' title='bbox 1021 2842 1079 2904; x_wconf 91' lang='lat' dir='ltr'><strong>per</strong></span> <span class='ocrx_word' id='word_1_228' title='bbox 1099 2819 1337 2885; x_wconf 88' lang='lat' dir='ltr'><strong>incubationem</strong></span> <span class='ocrx_word' id='word_1_229' title='bbox 1357 2819 1479 2884; x_wconf 88' lang='lat' dir='ltr'><strong>scilicet</strong></span> 
     </span>
     <span class='ocr_line' id='line_1_27' title="bbox 170 2917 1478 3002; baseline -0.003 -17"><span class='ocrx_word' id='word_1_230' title='bbox 170 2920 340 2985; x_wconf 87' lang='lat' dir='ltr'><strong>sanitatem</strong></span> <span class='ocrx_word' id='word_1_231' title='bbox 363 2918 599 3002; x_wconf 86' lang='lat' dir='ltr'><strong>praebentium;</strong></span> <span class='ocrx_word' id='word_1_232' title='bbox 620 2939 683 3000; x_wconf 88' lang='lat' dir='ltr'><strong>qua</strong></span> <span class='ocrx_word' id='word_1_233' title='bbox 702 2919 736 2982; x_wconf 91' lang='lat' dir='ltr'><strong>in</strong></span> <span class='ocrx_word' id='word_1_234' title='bbox 754 2941 789 2983; x_wconf 93' lang='lat' dir='ltr'><strong>re</strong></span> <span class='ocrx_word' id='word_1_235' title='bbox 812 2940 863 2981; x_wconf 90' lang='lat' dir='ltr'><strong>me</strong></span> <span class='ocrx_word' id='word_1_236' title='bbox 882 2917 1005 3002; x_wconf 90' lang='lat' dir='ltr'><strong>aliquid</strong></span> <span class='ocrx_word' id='word_1_237' title='bbox 1028 2939 1122 3001; x_wconf 93' lang='lat' dir='ltr'><strong>spero</strong></span> <span class='ocrx_word' id='word_1_238' title='bbox 1142 2917 1318 3002; x_wconf 86' lang='lat' dir='ltr'><strong>indagasse.</strong></span> <span class='ocrx_word' id='word_1_239' title='bbox 1356 2917 1478 2982; x_wconf 88' lang='lat' dir='ltr'><strong>Verum</strong></span> 
     </span>
     <span class='ocr_line' id='line_1_28' title="bbox 170 3015 1478 3102; baseline -0.002 -21"><span class='ocrx_word' id='word_1_240' title='bbox 170 3021 343 3100; x_wconf 89' lang='lat' dir='ltr'><strong>antequam</strong></span> <span class='ocrx_word' id='word_1_241' title='bbox 368 3015 441 3080; x_wconf 87' lang='lat' dir='ltr'><strong>illos</strong></span> <span class='ocrx_word' id='word_1_242' title='bbox 465 3019 592 3079; x_wconf 89' lang='lat' dir='ltr'><strong>sanctos</strong></span> <span class='ocrx_word' id='word_1_243' title='bbox 616 3015 776 3102; x_wconf 88' lang='lat' dir='ltr'><strong>adeamus,</strong></span> <span class='ocrx_word' id='word_1_244' title='bbox 800 3038 936 3100; x_wconf 90' lang='lat' dir='ltr'><strong>quorum</strong></span> <span class='ocrx_word' id='word_1_245' title='bbox 961 3016 995 3080; x_wconf 92' lang='lat' dir='ltr'><strong>in</strong></span> <span class='ocrx_word' id='word_1_246' title='bbox 1017 3016 1097 3079; x_wconf 87' lang='lat' dir='ltr'><strong>actis</strong></span> <span class='ocrx_word' id='word_1_247' title='bbox 1121 3015 1251 3079; x_wconf 90' lang='lat' dir='ltr'><strong>uberior</strong></span> <span class='ocrx_word' id='word_1_248' title='bbox 1274 3020 1383 3080; x_wconf 85' lang='lat' dir='ltr'><strong>manat</strong></span> <span class='ocrx_word' id='word_1_249' title='bbox 1405 3015 1478 3080; x_wconf 88' lang='lat' dir='ltr'><strong>fons</strong></span> 
     </span>
     <span class='ocr_line' id='line_1_29' title="bbox 171 3111 1479 3199; baseline -0.002 -21"><span class='ocrx_word' id='word_1_250' title='bbox 171 3114 351 3198; x_wconf 91' lang='lat' dir='ltr'><strong>quibusque</strong></span> <span class='ocrx_word' id='word_1_251' title='bbox 366 3112 405 3176; x_wconf 92' lang='lat' dir='ltr'><strong>de</strong></span> <span class='ocrx_word' id='word_1_252' title='bbox 419 3111 576 3177; x_wconf 88' lang='lat' dir='ltr'><strong>Michaele</strong></span> <span class='ocrx_word' id='word_1_253' title='bbox 595 3113 786 3199; x_wconf 88' lang='lat' dir='ltr'><strong>archangelo</strong></span> <span class='ocrx_word' id='word_1_254' title='bbox 801 3136 867 3177; x_wconf 91' lang='lat' dir='ltr'><strong>non</strong></span> <span class='ocrx_word' id='word_1_255' title='bbox 880 3113 971 3177; x_wconf 89' lang='lat' dir='ltr'><strong>nulla</strong></span> <span class='ocrx_word' id='word_1_256' title='bbox 985 3113 1228 3195; x_wconf 91' lang='lat' dir='ltr'><strong>praemittemus</strong></span> <span class='ocrx_word' id='word_1_257' title='bbox 1243 3112 1371 3196; x_wconf 89' lang='lat' dir='ltr'><strong>Mauryi</strong></span> <span class='ocrx_word' id='word_1_258' title='bbox 1394 3134 1479 3176; x_wconf 93' lang='lat' dir='ltr'><strong>com-</strong></span> 
     </span>
     <span class='ocr_line' id='line_1_30' title="bbox 170 3210 1479 3295; baseline -0.002 -19"><span class='ocrx_word' id='word_1_259' title='bbox 170 3210 401 3277; x_wconf 87' lang='lat' dir='ltr'><strong>mentationem</strong></span> <span class='ocrx_word' id='word_1_260' title='bbox 425 3210 717 3295; x_wconf 89' lang='lat' dir='ltr'><strong>ingeniosissimam</strong></span> <span class='ocrx_word' id='word_1_261' title='bbox 741 3210 851 3294; x_wconf 87' lang='lat' dir='ltr'><strong>secuti,</strong></span> <span class='ocrx_word' id='word_1_262' title='bbox 875 3233 912 3274; x_wconf 90' lang='lat' dir='ltr'><strong>ea</strong></span> <span class='ocrx_word' id='word_1_263' title='bbox 935 3210 1150 3275; x_wconf 87' lang='lat' dir='ltr'><strong>incubationis</strong></span> <span class='ocrx_word' id='word_1_264' title='bbox 1175 3210 1366 3275; x_wconf 87' lang='lat' dir='ltr'><strong>christianae</strong></span> <span class='ocrx_word' id='word_1_265' title='bbox 1390 3211 1479 3274; x_wconf 86' lang='lat' dir='ltr'><strong>testi·</strong></span> 
     </span>
     <span class='ocr_line' id='line_1_31' title="bbox 170 3307 1480 3394; baseline -0.002 -19"><span class='ocrx_word' id='word_1_266' title='bbox 170 3310 279 3375; x_wconf 91' lang='lat' dir='ltr'><strong>monia</strong></span> <span class='ocrx_word' id='word_1_267' title='bbox 296 3307 504 3393; x_wconf 87' lang='lat' dir='ltr'><strong>proferemus,</strong></span> <span class='ocrx_word' id='word_1_268' title='bbox 529 3308 645 3392; x_wconf 91' lang='lat' dir='ltr'><strong>quibus</strong></span> <span class='ocrx_word' id='word_1_269' title='bbox 669 3308 722 3373; x_wconf 90' lang='lat' dir='ltr'><strong>hie</strong></span> <span class='ocrx_word' id='word_1_270' title='bbox 741 3307 808 3373; x_wconf 89' lang='lat' dir='ltr'><strong>illie</strong></span> <span class='ocrx_word' id='word_1_271' title='bbox 832 3308 995 3392; x_wconf 88' lang='lat' dir='ltr'><strong>dissipatis</strong></span> <span class='ocrx_word' id='word_1_272' title='bbox 1014 3330 1064 3373; x_wconf 90' lang='lat' dir='ltr'><strong>res</strong></span> <span class='ocrx_word' id='word_1_273' title='bbox 1084 3309 1230 3394; x_wconf 88' lang='lat' dir='ltr'><strong>singulae</strong></span> <span class='ocrx_word' id='word_1_274' title='bbox 1249 3330 1352 3392; x_wconf 91' lang='lat' dir='ltr'><strong>neque</strong></span> <span class='ocrx_word' id='word_1_275' title='bbox 1370 3311 1480 3373; x_wconf 91' lang='lat' dir='ltr'><strong>tamen</strong></span> 
     </span>
     <span class='ocr_line' id='line_1_32' title="bbox 171 3396 1351 3494; baseline -0.003 -21"><span class='ocrx_word' id='word_1_276' title='bbox 171 3432 252 3494; x_wconf 92' lang='lat' dir='ltr'><strong>quae</strong></span> <span class='ocrx_word' id='word_1_277' title='bbox 276 3410 569 3473; x_wconf 92' lang='lat' dir='ltr'><strong>commemorentur</strong></span> <span class='ocrx_word' id='word_1_278' title='bbox 593 3407 743 3493; x_wconf 89' lang='lat' dir='ltr'><strong>indignae</strong></span> <span class='ocrx_word' id='word_1_279' title='bbox 766 3407 945 3472; x_wconf 91' lang='lat' dir='ltr'><strong>traduntur.</strong></span> <span class='ocrx_word' id='word_1_280' title='bbox 1349 3396 1351 3400; x_wconf 11' lang='grc' dir='ltr'><em>Α</em></span> 
     </span>
    </p>
   </div>
   <div class='ocr_carea' id='block_1_3' title="bbox 166 3512 1481 4286">
    <p class='ocr_par' dir='ltr' id='par_1_4' title="bbox 166 3512 1481 4286">
     <span class='ocr_line' id='line_1_33' title="bbox 260 3512 1480 3601; baseline 0.001 -22"><span class='ocrx_word' id='word_1_281' title='bbox 260 3512 434 3600; x_wconf 81' lang='lat' dir='ltr'><strong>Gregorius</strong></span> <span class='ocrx_word' id='word_1_282' title='bbox 457 3512 596 3599; x_wconf 90' lang='lat' dir='ltr'><strong>Magnus</strong></span> <span class='ocrx_word' id='word_1_283' title='bbox 625 3514 659 3577; x_wconf 90' lang='lat' dir='ltr'><strong>in</strong></span> <span class='ocrx_word' id='word_1_284' title='bbox 687 3513 824 3599; x_wconf 87' lang='lat' dir='ltr'><strong>dialogis</strong></span> <span class='ocrx_word' id='word_1_285' title='bbox 849 3512 985 3601; x_wconf 83' lang='lat'><strong>(11138)</strong></span> <span class='ocrx_word' id='word_1_286' title='bbox 1014 3514 1163 3580; x_wconf 86' lang='lat' dir='ltr'><strong>Redemti</strong></span> <span class='ocrx_word' id='word_1_287' title='bbox 1190 3515 1380 3580; x_wconf 88' lang='lat' dir='ltr'><strong>Ferentinae</strong></span> <span class='ocrx_word' id='word_1_288' title='bbox 1404 3516 1480 3580; x_wconf 85' lang='lat' dir='ltr'><strong>civi·</strong></span> 
     </span>
     <span class='ocr_line' id='line_1_34' title="bbox 172 3611 1480 3697; baseline -0.001 -19"><span class='ocrx_word' id='word_1_289' title='bbox 172 3614 249 3678; x_wconf 88' lang='lat' dir='ltr'><strong>tatis</strong></span> <span class='ocrx_word' id='word_1_290' title='bbox 274 3635 355 3697; x_wconf 88' lang='lat' dir='ltr'><strong>quae</strong></span> <span class='ocrx_word' id='word_1_291' title='bbox 379 3615 428 3677; x_wconf 89' lang='lat' dir='ltr'><strong>est</strong></span> <span class='ocrx_word' id='word_1_292' title='bbox 452 3612 486 3676; x_wconf 92' lang='lat' dir='ltr'><strong>in</strong></span> <span class='ocrx_word' id='word_1_293' title='bbox 508 3611 619 3676; x_wconf 90' lang='lat' dir='ltr'><strong>Latio</strong></span> <span class='ocrx_word' id='word_1_294' title='bbox 644 3611 787 3697; x_wconf 87' lang='lat' dir='ltr'><strong>episcopi</strong></span> <span class='ocrx_word' id='word_1_295' title='bbox 816 3612 974 3677; x_wconf 82' lang='lat' dir='ltr'><strong>visionem</strong></span> <span class='ocrx_word' id='word_1_296' title='bbox 997 3613 1108 3677; x_wconf 86' lang='lat' dir='ltr'><strong>refert:</strong></span> <span class='ocrx_word' id='word_1_297' title='bbox 1136 3614 1191 3678; x_wconf 90' lang='lat' dir='ltr'><strong>ille</strong></span> <span class='ocrx_word' id='word_1_298' title='bbox 1215 3614 1301 3678; x_wconf 91' lang='lat' dir='ltr'><strong>enim</strong></span> <span class='ocrx_word' id='word_1_299' title='bbox 1323 3616 1480 3697; x_wconf 84' lang='lat' dir='ltr'><strong>„qaadara</strong></span> 
     </span>
     <span class='ocr_line' id='line_1_35' title="bbox 172 3710 1480 3794; baseline -0.001 -18"><span class='ocrx_word' id='word_1_300' title='bbox 172 3713 222 3776; x_wconf 88' lang='lat' dir='ltr'><strong>die</strong></span> <span class='ocrx_word' id='word_1_301' title='bbox 245 3713 319 3776; x_wconf 87' lang='lat' dir='ltr'><strong>dara</strong></span> <span class='ocrx_word' id='word_1_302' title='bbox 335 3710 507 3794; x_wconf 78' lang='lat' dir='ltr'><strong>parochias</strong></span> <span class='ocrx_word' id='word_1_303' title='bbox 529 3730 604 3776; x_wconf 84' lang='lat' dir='ltr'><strong>saas</strong></span> <span class='ocrx_word' id='word_1_304' title='bbox 632 3730 669 3775; x_wconf 82' lang='lat' dir='ltr'><strong>ea</strong></span> <span class='ocrx_word' id='word_1_305' title='bbox 696 3731 779 3775; x_wconf 86' lang='lat' dir='ltr'><strong>raore</strong></span> <span class='ocrx_word' id='word_1_306' title='bbox 806 3711 957 3789; x_wconf 81' lang='lat' dir='ltr'><strong>circuiret,</strong></span> <span class='ocrx_word' id='word_1_307' title='bbox 981 3710 1123 3792; x_wconf 88' lang='lat' dir='ltr'><strong>peraeait</strong></span> <span class='ocrx_word' id='word_1_308' title='bbox 1148 3712 1192 3776; x_wconf 91' lang='lat' dir='ltr'><strong>ad</strong></span> <span class='ocrx_word' id='word_1_309' title='bbox 1217 3713 1373 3776; x_wconf 82' lang='lat' dir='ltr'><strong>ecetesiam</strong></span> <span class='ocrx_word' id='word_1_310' title='bbox 1400 3712 1480 3776; x_wconf 85' lang='lat' dir='ltr'><strong>beati</strong></span> 
     </span>
     <span class='ocr_line' id='line_1_36' title="bbox 171 3809 1481 3892; baseline 0 -19"><span class='ocrx_word' id='word_1_311' title='bbox 171 3809 319 3891; x_wconf 70' lang='grc'><strong>1111111111</strong></span> <span class='ocrx_word' id='word_1_312' title='bbox 345 3809 504 3892; x_wconf 79' lang='lat' dir='ltr'><strong>raartpris.</strong></span> <span class='ocrx_word' id='word_1_313' title='bbox 537 3809 864 3891; x_wconf 76' lang='lat' dir='ltr'><strong>advesperascente</strong></span> <span class='ocrx_word' id='word_1_314' title='bbox 895 3813 998 3875; x_wconf 81' lang='lat' dir='ltr'><strong>ariera</strong></span> <span class='ocrx_word' id='word_1_315' title='bbox 1030 3809 1080 3874; x_wconf 86' lang='lat' dir='ltr'><strong>die</strong></span> <span class='ocrx_word' id='word_1_316' title='bbox 1111 3814 1271 3874; x_wconf 85' lang='lat' dir='ltr'><strong>stratam</strong></span> <span class='ocrx_word' id='word_1_317' title='bbox 1297 3811 1389 3876; x_wconf 73' lang='lat' dir='ltr'><strong>fieri</strong></span> <span class='ocrx_word' id='word_1_318' title='bbox 1420 3810 1481 3874; x_wconf 85' lang='lat' dir='ltr'><strong>sibi</strong></span> 
     </span>
     <span class='ocr_line' id='line_1_37' title="bbox 171 3906 1481 3990; baseline 0.001 -20"><span class='ocrx_word' id='word_1_319' title='bbox 171 3907 279 3971; x_wconf 83' lang='lat' dir='ltr'><strong>iaata</strong></span> <span class='ocrx_word' id='word_1_320' title='bbox 301 3906 509 3989; x_wconf 87' lang='lat' dir='ltr'><strong>sepaterara</strong></span> <span class='ocrx_word' id='word_1_321' title='bbox 527 3908 709 3989; x_wconf 78' lang='lat' dir='ltr'><strong>martyris</strong></span> <span class='ocrx_word' id='word_1_322' title='bbox 728 3907 825 3972; x_wconf 86' lang='lat' dir='ltr'><strong>rotait</strong></span> <span class='ocrx_word' id='word_1_323' title='bbox 837 3913 927 3989; x_wconf 87' lang='lat' dir='ltr'><strong>atqae</strong></span> <span class='ocrx_word' id='word_1_324' title='bbox 941 3908 986 3972; x_wconf 87' lang='lat' dir='ltr'><strong>ibi</strong></span> <span class='ocrx_word' id='word_1_325' title='bbox 997 3913 1071 3990; x_wconf 88' lang='lat' dir='ltr'><strong>post</strong></span> <span class='ocrx_word' id='word_1_326' title='bbox 1089 3907 1222 3972; x_wconf 81' lang='lat' dir='ltr'><strong>laborem</strong></span> <span class='ocrx_word' id='word_1_327' title='bbox 1240 3908 1481 3990; x_wconf 63' lang='lat' dir='ltr'><strong>primitates</strong></span> 
     </span>
     <span class='ocr_line' id='line_1_38' title="bbox 171 4004 1481 4088; baseline 0 -19"><span class='ocrx_word' id='word_1_328' title='bbox 171 4008 273 4069; x_wconf 87' lang='lat' dir='ltr'><strong>aocte</strong></span> <span class='ocrx_word' id='word_1_329' title='bbox 303 4004 436 4088; x_wconf 87' lang='lat' dir='ltr'><strong>raedia,</strong></span> <span class='ocrx_word' id='word_1_330' title='bbox 464 4009 500 4069; x_wconf 90' lang='lat' dir='ltr'><strong>at</strong></span> <span class='ocrx_word' id='word_1_331' title='bbox 530 4005 696 4088; x_wconf 83' lang='lat' dir='ltr'><strong>asserebat,</strong></span> <span class='ocrx_word' id='word_1_332' title='bbox 724 4026 788 4070; x_wconf 86' lang='lat' dir='ltr'><strong>aee</strong></span> <span class='ocrx_word' id='word_1_333' title='bbox 810 4005 1016 4070; x_wconf 81' lang='lat' dir='ltr'><strong>dormiebat</strong></span> <span class='ocrx_word' id='word_1_334' title='bbox 1044 4026 1107 4070; x_wconf 86' lang='lat' dir='ltr'><strong>aee</strong></span> <span class='ocrx_word' id='word_1_335' title='bbox 1132 4007 1294 4088; x_wconf 82' lang='lat' dir='ltr'><strong>perfecte</strong></span> <span class='ocrx_word' id='word_1_336' title='bbox 1320 4006 1481 4088; x_wconf 83' lang='lat' dir='ltr'><strong>aipilare</strong></span> 
     </span>
     <span class='ocr_line' id='line_1_39' title="bbox 166 4097 1479 4188; baseline -0.002 -20"><span class='ocrx_word' id='word_1_337' title='bbox 166 4106 318 4185; x_wconf 87' lang='lat' dir='ltr'><strong>poterat</strong></span> <span class='ocrx_word' id='word_1_338' title='bbox 327 4097 362 4187; x_wconf 72' lang='lat'><strong>²),</strong></span> <span class='ocrx_word' id='word_1_339' title='bbox 377 4104 430 4167; x_wconf 85' lang='lat' dir='ltr'><strong>sed</strong></span> <span class='ocrx_word' id='word_1_340' title='bbox 444 4103 611 4188; x_wconf 74' lang='lat' dir='ltr'><strong>depressae,</strong></span> <span class='ocrx_word' id='word_1_341' title='bbox 625 4109 660 4168; x_wconf 88' lang='lat' dir='ltr'><strong>at</strong></span> <span class='ocrx_word' id='word_1_342' title='bbox 672 4103 753 4187; x_wconf 86' lang='lat' dir='ltr'><strong>solet,</strong></span> <span class='ocrx_word' id='word_1_343' title='bbox 768 4123 874 4169; x_wconf 84' lang='lat' dir='ltr'><strong>saraae</strong></span> <span class='ocrx_word' id='word_1_344' title='bbox 890 4103 1082 4186; x_wconf 80' lang='lat' dir='ltr'><strong>praeabatar</strong></span> <span class='ocrx_word' id='word_1_345' title='bbox 1096 4104 1229 4184; x_wconf 84' lang='lat' dir='ltr'><strong>qaedam</strong></span> <span class='ocrx_word' id='word_1_346' title='bbox 1237 4103 1373 4184; x_wconf 83' lang='lat' dir='ltr'><strong>perdere</strong></span> <span class='ocrx_word' id='word_1_347' title='bbox 1387 4104 1479 4185; x_wconf 80' lang='lat' dir='ltr'><strong>aipi-</strong></span> 
     </span>
     <span class='ocr_line' id='line_1_40' title="bbox 172 4196 1479 4286; baseline 0 -22"><span class='ocrx_word' id='word_1_348' title='bbox 172 4201 256 4266; x_wconf 85' lang='grc'><strong>1111</strong></span> <span class='ocrx_word' id='word_1_349' title='bbox 279 4198 444 4277; x_wconf 86' lang='lat' dir='ltr'><strong>aairaas;</strong></span> <span class='ocrx_word' id='word_1_350' title='bbox 463 4205 553 4282; x_wconf 84' lang='lat' dir='ltr'><strong>atqae</strong></span> <span class='ocrx_word' id='word_1_351' title='bbox 571 4205 643 4266; x_wconf 77' lang='lat' dir='ltr'><strong>arete</strong></span> <span class='ocrx_word' id='word_1_352' title='bbox 660 4221 729 4266; x_wconf 84' lang='lat' dir='ltr'><strong>eam</strong></span> <span class='ocrx_word' id='word_1_353' title='bbox 749 4202 829 4266; x_wconf 87' lang='lat' dir='ltr'><strong>idera</strong></span> <span class='ocrx_word' id='word_1_354' title='bbox 848 4201 951 4266; x_wconf 83' lang='lat' dir='ltr'><strong>beatas</strong></span> <span class='ocrx_word' id='word_1_355' title='bbox 968 4207 1090 4285; x_wconf 75' lang='lat' dir='ltr'><strong>martyr</strong></span> <span class='ocrx_word' id='word_1_356' title='bbox 1107 4201 1280 4284; x_wconf 77' lang='lat' dir='ltr'><strong>Eatpetias</strong></span> <span class='ocrx_word' id='word_1_357' title='bbox 1298 4196 1479 4286; x_wconf 73' lang='lat' dir='ltr'><strong>adstitid)</strong></span> 
     </span>
    </p>
   </div>
   <div class='ocr_carea' id='block_1_4' title="bbox 173 4446 1479 4762">
    <p class='ocr_par' dir='ltr' id='par_1_5' title="bbox 173 4446 1479 4599">
     <span class='ocr_line' id='line_1_41' title="bbox 263 4446 1479 4519; baseline -0.001 -17"><span class='ocrx_word' id='word_1_358' title='bbox 263 4451 288 4519; x_wconf 91' lang='lat'><strong>1)</strong></span> <span class='ocrx_word' id='word_1_359' title='bbox 306 4447 371 4503; x_wconf 88' lang='lat' dir='ltr'><strong>Non</strong></span> <span class='ocrx_word' id='word_1_360' title='bbox 393 4446 473 4501; x_wconf 91' lang='lat' dir='ltr'><strong>nulla</strong></span> <span class='ocrx_word' id='word_1_361' title='bbox 496 4462 511 4500; x_wconf 92' lang='lat' dir='ltr'><strong>e</strong></span> <span class='ocrx_word' id='word_1_362' title='bbox 535 4446 645 4500; x_wconf 87' lang='lat' dir='ltr'><strong>schedis</strong></span> <span class='ocrx_word' id='word_1_363' title='bbox 670 4446 726 4502; x_wconf 87' lang='lat' dir='ltr'><strong>suis</strong></span> <span class='ocrx_word' id='word_1_364' title='bbox 749 4446 951 4518; x_wconf 85' lang='lat' dir='ltr'><strong>benignissime</strong></span> <span class='ocrx_word' id='word_1_365' title='bbox 977 4447 1047 4502; x_wconf 92' lang='lat' dir='ltr'><strong>mihi</strong></span> <span class='ocrx_word' id='word_1_366' title='bbox 1070 4446 1191 4502; x_wconf 89' lang='lat' dir='ltr'><strong>tradidit</strong></span> <span class='ocrx_word' id='word_1_367' title='bbox 1223 4447 1376 4514; x_wconf 89' lang='lat' dir='ltr'><strong>Usenerus‚</strong></span> <span class='ocrx_word' id='word_1_368' title='bbox 1401 4446 1479 4501; x_wconf 90' lang='lat' dir='ltr'><strong>cuius</strong></span> 
     </span>
     <span class='ocr_line' id='line_1_42' title="bbox 173 4526 1414 4599; baseline -0.001 -16"><span class='ocrx_word' id='word_1_369' title='bbox 173 4528 290 4584; x_wconf 88' lang='lat' dir='ltr'><strong>oonsilio</strong></span> <span class='ocrx_word' id='word_1_370' title='bbox 306 4527 419 4584; x_wconf 90' lang='lat' dir='ltr'><strong>omnino</strong></span> <span class='ocrx_word' id='word_1_371' title='bbox 438 4527 521 4581; x_wconf 91' lang='lat' dir='ltr'><strong>valde</strong></span> <span class='ocrx_word' id='word_1_372' title='bbox 539 4542 584 4580; x_wconf 91' lang='lat' dir='ltr'><strong>me</strong></span> <span class='ocrx_word' id='word_1_373' title='bbox 604 4526 731 4582; x_wconf 86' lang='lat' dir='ltr'><strong>adiutum</strong></span> <span class='ocrx_word' id='word_1_374' title='bbox 749 4545 810 4583; x_wconf 86' lang='lat' dir='ltr'><strong>esse</strong></span> <span class='ocrx_word' id='word_1_375' title='bbox 829 4531 911 4598; x_wconf 86' lang='lat' dir='ltr'><strong>grato</strong></span> <span class='ocrx_word' id='word_1_376' title='bbox 929 4530 1061 4599; x_wconf 90' lang='lat' dir='ltr'><strong>profiteor</strong></span> <span class='ocrx_word' id='word_1_377' title='bbox 1080 4528 1181 4583; x_wconf 89' lang='lat' dir='ltr'><strong>animo.</strong></span> <span class='ocrx_word' id='word_1_378' title='bbox 1412 4526 1414 4531; x_wconf 81' lang='lat'>&#39;</span> 
     </span>
    </p>

    <p class='ocr_par' dir='ltr' id='par_1_6' title="bbox 264 4605 1455 4681">
     <span class='ocr_line' id='line_1_43' title="bbox 264 4605 1455 4681; baseline -0.002 -17"><span class='ocrx_word' id='word_1_379' title='bbox 264 4613 291 4680; x_wconf 79' lang='lat'><strong>2)</strong></span> <span class='ocrx_word' id='word_1_380' title='bbox 310 4608 352 4663; x_wconf 90' lang='lat' dir='ltr'><strong>De</strong></span> <span class='ocrx_word' id='word_1_381' title='bbox 370 4608 424 4662; x_wconf 86' lang='lat' dir='ltr'><strong>hac</strong></span> <span class='ocrx_word' id='word_1_382' title='bbox 443 4605 607 4662; x_wconf 86' lang='lat' dir='ltr'><strong>condicione</strong></span> <span class='ocrx_word' id='word_1_383' title='bbox 626 4605 700 4661; x_wconf 89' lang='lat' dir='ltr'><strong>inter</strong></span> <span class='ocrx_word' id='word_1_384' title='bbox 717 4608 913 4664; x_wconf 87' lang='lat' dir='ltr'><strong>somniandum</strong></span> <span class='ocrx_word' id='word_1_385' title='bbox 933 4627 966 4664; x_wconf 90' lang='grc'><strong>11</strong></span> <span class='ocrx_word' id='word_1_386' title='bbox 984 4609 1160 4681; x_wconf 86' lang='lat' dir='ltr'><strong>vigilandum</strong></span> <span class='ocrx_word' id='word_1_387' title='bbox 1178 4608 1320 4679; x_wconf 86' lang='lat' dir='ltr'><strong>pendente</strong></span> <span class='ocrx_word' id='word_1_388' title='bbox 1339 4607 1374 4662; x_wconf 90' lang='lat' dir='ltr'><strong>cf.</strong></span> <span class='ocrx_word' id='word_1_389' title='bbox 1389 4626 1415 4678; x_wconf 89' lang='lat' dir='ltr'><strong>p.</strong></span> <span class='ocrx_word' id='word_1_390' title='bbox 1431 4615 1455 4662; x_wconf 84' lang='lat'><strong>4.</strong></span> 
     </span>
    </p>

    <p class='ocr_par' dir='ltr' id='par_1_7' title="bbox 263 4685 795 4762">
     <span class='ocr_line' id='line_1_44' title="bbox 263 4685 795 4762; baseline 0.002 -18"><span class='ocrx_word' id='word_1_391' title='bbox 263 4693 290 4762; x_wconf 87' lang='grc'><strong>3)</strong></span> <span class='ocrx_word' id='word_1_392' title='bbox 309 4688 389 4756; x_wconf 78' lang='lat' dir='ltr'><strong>Quod</strong></span> <span class='ocrx_word' id='word_1_393' title='bbox 408 4688 514 4746; x_wconf 79' lang='lat' dir='ltr'><strong>Graece</strong></span> <span class='ocrx_word' id='word_1_394' title='bbox 532 4685 642 4758; x_wconf 79' lang='grc' dir='ltr'><strong><em>ἐπέστη,</em></strong></span> <span class='ocrx_word' id='word_1_395' title='bbox 662 4686 696 4742; x_wconf 84' lang='lat' dir='ltr'><strong>ef.</strong></span> <span class='ocrx_word' id='word_1_396' title='bbox 711 4706 738 4759; x_wconf 91' lang='lat' dir='ltr'><strong>p.</strong></span> <span class='ocrx_word' id='word_1_397' title='bbox 754 4694 795 4745; x_wconf 92' lang='grc'><strong>11.</strong></span> 
     </span>
    </p>
   </div>
   <div class='ocr_carea' id='block_1_5' title="bbox 0 0 1661 5190">
    <p class='ocr_par' dir='ltr' id='par_1_8' title="bbox 0 0 1661 5190">
     <span class='ocr_line' id='line_1_45' title="bbox 0 0 1661 5190; baseline 0 0"><span class='ocrx_word' id='word_1_398' title='bbox 0 0 1661 5190; x_wconf 95' lang='lat' dir='ltr'><strong> </strong></span> 
     </span>
    </p>
   </div>
  </div>
 </body>
</html>
