3294 5190
549 319 590 372 De
609 319 790 374 incubatione
810 317 970 374 christiana.
1349 320 1411 384 109

103 493 171 550 τῶν
195 480 251 570 (so.
272 481 348 567 Cyri
372 486 404 546 et
426 479 571 569 Ioannis)
596 481 732 561 σύναξις
756 481 792 548 ἐν
815 490 861 571 τῷ
884 485 1053 570 μαρτυρίᾳ)
1078 482 1188 548 αὐτῶν
1210 492 1256 570 τῷ
1280 484 1351 548 ὄντι
1376 482 1412 548 ἐν

103 591 173 656 τοῖς
199 583 376 664 Φωρακίου
384 577 418 665 1).
456 577 702 664 Antiquissimis
726 580 855 644 iamiam
879 580 1080 664 temporibus
1098 580 1248 664 Byzantii
1267 581 1301 644 in
1319 579 1413 645 Dios-

104 699 254 742 ourorum
279 700 369 742 sacro
393 677 632 742 incubationem
656 677 810 742 usitatam
833 677 933 742 fuisse
956 701 986 762 p.
1003 678 1044 741 79
1069 679 1292 766 conclusimus,
1319 680 1412 744 adda-

104 797 176 838 mus
200 775 337 859 denique
362 774 473 839 eodem
496 774 567 839 loeo
590 773 824 859 Amphiaraum
849 797 976 860 quoque
999 775 1121 840 cultum
1149 775 1293 864 fuisse²)‚
1321 779 1411 842 ouius

103 873 137 936 in
160 873 281 957 templo
305 871 425 957 Oropio
450 873 575 937 somnia
599 877 782 957 exspectare
807 872 954 938 solebant
977 875 1110 959 aegroti.

190 970 462 1035 Perlustravimus
493 970 732 1035 incubationem
761 970 983 1057 christianam,
1011 972 1052 1035 ad
1075 973 1173 1036 finem
1199 974 1411 1057 pervenimus,

101 1067 252 1133 Vidimus
275 1090 370 1133 usum
393 1068 486 1132 iHum
509 1069 583 1133 inde
606 1092 625 1133 a
650 1067 743 1153 Syria
766 1090 868 1153 usque
896 1069 937 1133 ad
959 1069 1162 1135 Britanniam
1185 1072 1411 1158 pervulgatum

102 1186 171 1229 esse
194 1165 228 1229 in
252 1165 385 1230 eeclesia
408 1167 593 1231 christiana.
638 1166 737 1230 Plura
759 1167 897 1231 fortasse
924 1167 1093 1254 addentur3
1122 1169 1208 1252 quod
1235 1170 1411 1234 maximum

102 1266 244 1327 constat:
268 1263 509 1328 incubationem
533 1264 694 1329 ethnicam
716 1269 805 1329 veste
828 1268 954 1329 mutata
981 1265 1014 1328 in
1044 1265 1208 1330 eeclesiam
1236 1268 1411 1354 transiisse,

104 1360 191 1444 ipsos
212 1361 288 1426 deos
308 1361 454 1426 ethnicos
473 1362 637 1426 nonnuflis
655 1363 735 1427 loeis
755 1363 815 1427 sub
831 1367 1014 1428 sanctorum
1030 1363 1278 1429 christianorum
1296 1365 1410 1451 figuris

100 1457 207 1523 latere.
268 1457 353 1523 Sane
385 1459 562 1524 Reinoldus
594 1460 740 1525 Dehnius
774 1461 937 1526 societatis
969 1459 1042 1526 Iesu
1078 1462 1147 1526 sine
1180 1462 1277 1527 dubio
1314 1464 1409 1528 nobis

103 1561 292 1640 opponeret:
317 1580 404 1636 ,pura
427 1561 489 1624 duo
509 1560 634 1642 famant
659 1561 754 1638 idem,
782 1581 846 1624 aea
872 1565 916 1625 est
941 1557 1086 1647 aleam).
1132 1559 1202 1626 Nos
1232 1583 1308 1626 vero
1337 1584 1410 1626 eum

102 1658 208 1719 vetere
241 1655 402 1721 Vandalio
436 1657 464 1721 ei
497 1657 760 1741 responderemus
791 1657 870 1722 haee
902 1658 1013 1722 eodem
1049 1659 1145 1723 modo
1182 1680 1250 1724 esse
1283 1658 1411 1746 Graeca,

99 1754 166 1836 „ati
184 1754 330 1835 plurimu
353 1755 421 1819 otiu
443 1760 508 1819 tura
530 1757 617 1820 mutu
639 1778 733 1838 qaum
757 1755 837 1821 bonu
859 1777 896 1820 ex
923 1756 1117 1822 Etbaa‘otsmo
1147 1758 1183 1821 ta
1208 1754 1411 1823 Christianis-

100 1871 187 1915 mum
216 1853 371 1918 translato
399 1855 596 1935 antiquitatis
618 1855 772 1920 Etbatooe
799 1874 836 1918 oo
868 1853 1066 1919 Christianae
1092 1855 1326 1938 imtuputoribas
1347 1876 1411 1920 aaa

95 1950 324 2030 praeiudicata
347 1949 522 2038 euasura).

192 2146 218 2213 1)
237 2143 327 2213 Prope
347 2145 383 2199 ab
403 2144 548 2214 Octagono
568 2147 597 2199 et
615 2145 734 2199 ecclesia
752 2163 773 2200 s.
793 2144 921 2215 Sophiae,
942 2145 975 2200 cf.
995 2145 1123 2199 tabulam
1137 2145 1337 2199 Mordtmanni.

189 2225 216 2292 2)
231 2221 386 2294 Ἀμφιάρεω
396 2223 427 2278 δὲ
441 2233 491 2278 τοῦ
505 2223 595 2294 ἥρωος
609 2229 656 2296 (sc.
668 2228 787 2296 sacrum)
803 2226 833 2280 ἐν
846 2235 908 2290 ταῖς
925 2225 1086 2296 λεγομέναις
1096 2229 1202 2289 Συκαῖς
1216 2226 1261 2296 (cf.
1272 2244 1298 2295 p.
1310 2231 1370 2293 106,
1381 2228 1407 2296 ἓ)

102 2299 281 2374 ᾠκοδόμησεν
299 2316 347 2364 (so,
367 2304 468 2373 Byzas)
487 2304 552 2358 Hes.
572 2304 662 2358 Miles·
679 2312 711 2359 16
731 2305 821 2360 FHG.
840 2305 879 2359 IV
894 2312 952 2360 149.

189 2383 215 2450 3)
235 2382 269 2438 of.
284 2386 368 2436 notas
392 2383 451 2437 eius
479 2384 516 2437 ad
538 2384 612 2438 mirr.
637 2384 665 2439 Ο.
686 2388 716 2440 et
737 2386 770 2440 D.
796 2385 871 2454 apud
894 2386 1015 2456 Wangn.
1035 2404 1062 2455 p.
1077 2386 1213 2440 XXXVII.
1251 2385 1360 2440 Ibidem
1378 2386 1408 2439 in

101 2462 289 2531 comparanda
307 2463 493 2518 incubatione
517 2464 671 2519 christiana
694 2468 724 2519 et
746 2465 859 2519 ethnica
882 2466 917 2519 de
940 2466 994 2519 hac
1018 2467 1107 2520 altera
1130 2468 1317 2522 asseveratur:
1336 2466 1409 2533 „Sed

98 2544 274 2597 haecomnia
292 2544 426 2599 Etbatcos
442 2545 536 2612 fecisse
553 2551 659 2601 coastat
676 2564 694 2599 o
713 2546 841 2601 daemone
854 2547 927 2601 anolo
945 2548 1148 2615 circumventos,
1170 2549 1202 2600 ia
1222 2547 1306 2601 bostis
1324 2548 1408 2600 butus

99 2623 280 2690 infensissimi
298 2624 358 2678 Deo
376 2626 558 2694 obsequium<

188 2707 216 2774 4)
234 2704 275 2757 De
294 2705 414 2758 oraculis
432 2724 459 2774 p.
475 2712 527 2760 335
546 2706 779 2777 (Amstelaedami
800 2711 887 2778 1683).
