3294 5190
163 327 204 389 70
736 322 826 389 Caput
845 320 890 375 lV.

256 488 388 551 Sacrum
420 490 598 569 martyrum
630 485 815 548 nominatur
848 487 946 567 σηκός
978 485 1048 548 mir.
1077 484 1097 546 6
1130 508 1159 567 p.
1189 483 1268 567 3363
1305 484 1335 566 9,
1359 481 1474 569 3481);

162 586 213 667 20,
233 583 344 669 4582),
368 584 420 668 23,
439 585 518 666 όλὸς
541 584 593 665 24,
613 583 691 667 4843
715 582 767 663 27,
786 582 860 646 496.
884 583 964 658 ναός
981 606 1012 665 p.
1032 581 1105 645 518.
1129 582 1202 645 522.
1226 578 1387 666 ὑπηρέται
1410 590 1480 644 τοῦι

163 682 299 759 ἐνδόξου
323 694 390 746 τῶν
418 682 523 764 ἁγίων
552 687 646 745 οἴκου
674 683 965 745 commemorantur
993 680 1023 762 3,
1042 680 1120 763 326;
1148 681 1356 761 διακονικύν,
1385 678 1474 761 quod

163 780 371 843 diaconorum
394 779 521 842 videtur
545 801 612 842 esse
636 778 786 843 conclave
812 780 862 863 10,
881 779 954 842 3ὃ8.
1000 778 1104 862 Prope
1133 799 1258 843 sacrum
1286 781 1377 841 erant
1405 777 1475 840 bal·

163 900 237 941 nea:
260 877 428 961 presbyter
455 876 650 960 paralyticus
681 888 834 962 φανερῶς
861 875 1107 959 διαγενομένων
1137 875 1268 961 ήμερῶν
1295 875 1474 958 ήβουλήθη

165 974 216 1039 ἐπὶ
242 976 405 1059 λοετρὸν
433 974 547 1039 ἐλθεῖν
573 976 610 1038 τὸ
640 976 820 1058 λεγόμενον
850 975 1036 1057 ίαματικόν,
1064 975 1101 1039 τὸ
1126 974 1165 1038 ὃν
1193 973 1229 1038 ἐν
1253 978 1388 1049 Συκαῖς.
1416 971 1474 1037 καὶ

166 1071 312 1150 ἐξελθὼν
335 1071 370 1136 ἐκ
393 1082 453 1136 τοῦ
477 1078 572 1136 οῖ’κου
596 1083 663 1136 τῶν
686 1071 791 1155 ἀγίων
814 1121 821 1136 .
846 1121 852 1134 .
877 1120 884 1135 .
907 1071 972 1134 ὑπὸ
997 1072 1056 1135 τὸν
1079 1074 1209 1156 ὄρθρον
1238 1071 1363 1154 φθάνει
1391 1072 1475 1134 κατά

166 1193 199 1233 τι
219 1171 427 1252 ίαματικὸν
445 1181 520 1233 τῶν
540 1168 713 1233 ἐνταῦθα
731 1170 903 1254 πριβάτων
918 1220 924 1232 .
942 1220 947 1231 .
963 1218 969 1232 .
988 1172 1167 1232 πείθουσιν
1186 1167 1289 1232 αὐτὸν
1309 1169 1477 1232 εἰσελθεῖν

164 1267 201 1331 ἐν
224 1275 269 1353 τῷ
293 1267 440 1332 ἐνταῦθα
464 1268 623 1353 ίαματικῷ
652 1273 783 1353 λοετρςό.
812 1264 1018 1349 βασταχθελς·
1044 1261 1106 1330 οὖν
1134 1267 1291 1348 εἰσῆλθεν
1319 1266 1366 1341 εἰς
1392 1268 1475 1341 τοὺς

163 1363 389 1448 καλουμένους
412 1368 561 1440 θόλους
582 1371 649 1429 κτλ.
677 1365 726 1446 12,
741 1363 807 1429 386
819 1387 864 1447 sq.
911 1362 1069 1427 Attendas
1098 1363 1255 1446 Epidauri
1284 1385 1412 1446 quoque
1441 1363 1475 1426 in

164 1461 333 1545 Asclepieo
357 1463 484 1527 tholum
508 1485 575 1527 esse
600 1463 756 1527 effossam.

253 1560 390 1644 Magnus
415 1564 482 1624 erat
504 1583 655 1624 numerus
679 1563 892 1644 aegrotorum,
917 1560 972 1642 qui
996 1558 1029 1622 in
1058 1563 1236 1642 martyrum
1260 1558 1381 1642 templo
1406 1581 1476 1622 ver-

165 1659 331 1722 sabantur:
354 1663 510 1723 πολλῶν
533 1654 570 1722 dl
593 1657 647 1722 καὶ
670 1659 823 1741 μεγάλων
847 1658 967 1721 ίάσεων
995 1656 1180 1740 γινομένων
1208 1655 1398 1742 ὁσημέραι
1428 1659 1477 1733 είς

165 1758 243 1831 τοὺς
272 1757 409 1831 λοιποὺς
441 1754 695 1839 κατακειμένους
727 1755 881 1830 ἀσθενεῖς
910 1755 937 1837 1,
957 1755 1030 1818 306.
1073 1753 1307 1836 ἀνελλειπής
1334 1754 1426 1819 ἐστιν
1454 1754 1476 1837 ἡ

166 1865 233 1917 τῶν
263 1852 499 1917 ἀσθενούντων
527 1853 563 1917 ἐν
590 1862 630 1938 τή
657 1860 834 1936 θαυμαστῇ
862 1851 973 1916 αὐτῶν
999 1852 1101 1936 ταύτη
1131 1860 1234 1936 σκηνή
1261 1850 1476 1937 προσεδρίαλ)

168 1950 198 2034 4,
213 1949 287 2014 330,
324 1949 498 2033 Praecipue
522 1951 562 2013 ad
585 1949 791 2034 pervigilium
820 1949 1044 2014 celebrandum
1067 1949 1213 2013 homines
1237 1949 1377 2033 undiquc
1401 1971 1478 2014 oon·

168 2048 338 2111 currebant
362 2051 457 2130 atque
482 2047 566 2110 intra
590 2070 622 2111 se
646 2070 709 2130 qua
727 2049 851 2111 ratione
876 2047 978 2111 sanati
999 2051 1104 2111 essent
1121 2047 1308 2111 narrabant:
1331 2056 1391 2111 τοῦ
1411 2048 1477 2129 γάρ

168 2151 250 2209 λαοῦ
274 2145 513 2230 συντρέχοντος
536 2143 605 2230 gvi)
628 2155 667 2230 τή
691 2143 762 2209 κατ’
789 2148 869 2221 ἔθος
892 2143 1050 2230 γινομένη
1070 2144 1173 2210 ἐκεῖσε
1192 2146 1372 2228 παννυχίδι
1396 2147 1478 2227 σαβ-

169 2243 274 2326 βάτου
298 2243 545 2326 ἐπιφώσκοντος
568 2244 604 2307 oi
624 2251 681 2325 τής
703 2241 778 2328 παρ’
807 2243 918 2306 αὐτῶν
936 2245 1092 2326 τυχόντες
1112 2244 1228 2319 ίάσεως
1247 2243 1335 2317 ὅπως
1357 2244 1479 2326 ε”τυχον

168 2343 284 2424 ἐλεγον
306 2364 336 2424 p.
356 2339 431 2406 454.

257 2438 361 2502 Paene
385 2460 511 2521 semper
533 2440 567 2502 in
595 2439 708 2502 morbo
736 2439 943 2504 describendo
972 2439 1088 2504 medici
1115 2438 1198 2502 nihil
1226 2439 1376 2502 dicuntur
1404 2439 1480 2502 effe-

173 2533 294 2623 cisse⁵)‚
316 2536 406 2599 velut
430 2558 477 2600 ex.
501 2559 547 2621 gr.
569 2538 619 2619 19,
638 2537 716 2601 442:
741 2536 900 2601 ὥστεκαὶ
924 2538 1003 2613 τοὺς
1027 2538 1161 2622 ἰατροὺς
1185 2538 1311 2613 πάντας
1333 2535 1480 2620 ἡττηθή-

169 2659 224 2698 ναι
247 2635 313 2698 ὑκὸ
336 2643 397 2698 τοῦ
420 2636 613 2718 νοσήματος.

259 2731 417 2815 Martyres
453 2735 609 2815 apparent
639 2732 871 2796 dormientibus
902 2755 959 2816 per
988 2755 1149 2797 somnum:
1180 2731 1419 2817 ἐπιλαβομένης
1443 2758 1480 2798 τε

170 2840 228 2912 της
250 2829 370 2904 νυκτὸς
392 2828 447 2893 καὶ
470 2831 663 2912 βαθύτατον
686 2829 795 2894 ὕπνον
823 2831 1055 2906 διατελοῦντος
1082 2830 1185 2894 αὐτοῦ
1214 2831 1249 2894 ol
1273 2831 1479 2914 μεγάλοι...

172 2928 262 3009 ἅγιοι
283 2975 290 2990 .
310 2976 317 2991 .
337 2976 344 2990 .
363 2927 424 3009 τήν
453 2938 520 2991 τῶν
553 2933 680 2991 λοιπῶν
706 2925 888 3012 ἀρρώστων
918 2931 1049 3011 συνήθη
1079 2927 1251 3006 ἐπίσκεψιν
1280 2927 1480 3011 ποιούμενοι

172 3025 344 3108 φθάνουσι
368 3022 423 3088 καλ
446 3025 528 3108 πρὸς
551 3024 610 3088 τὸν
633 3027 736 3090 τόπον
758 3034 819 3089 τοῦ
841 3025 1042 3110 ὑδεριῶντος
1067 3027 1095 3109 1,
1115 3027 1187 3090 312.
1230 3025 1391 3110 φανέντες
1414 3027 1480 3111 γάρ

175 3253 342 3320 municavit3
362 3254 396 3306 cf.
416 3254 488 3308 Acta
503 3257 590 3307 sanct.
605 3273 632 3323 p.
647 3260 707 3323 leo,
725 3260 783 3308 176.
813 3257 840 3323 3)
854 3253 928 3307 mirr.
945 3259 1030 3307 9-11
1047 3273 1073 3323 p.
1084 3260 1226 3308 346—384
1235 3255 1279 3308 W.
1299 3254 1352 3308 hoc
1366 3253 1480 3308 ordine:

174 3340 214 3386 11.
231 3341 254 3387 9.
273 3340 313 3388 10.
333 3334 490 3401 Martyrum
509 3333 658 3400 invocati0,
677 3351 734 3402 qua
752 3334 921 3386 terminatur
938 3333 998 3386 mir.
1016 3340 1057 3401 10,
1078 3335 1108 3387 in
1128 3335 1187 3388 cod.
1208 3334 1291 3388 Vind.
1316 3336 1359 3387 est
1377 3332 1481 3402 ampli-

172 3414 263 3466 ficata.
302 3412 405 3466 Variae
423 3412 506 3466 huius
526 3413 630 3466 codicis
648 3413 792 3481 lectiones,
812 3430 860 3466 seu
881 3413 1061 3482 accipiendae
1086 3413 1215 3467 videntur
1234 3431 1283 3468 seu
1301 3414 1481 3482 refutandae,

173 3492 230 3545 suis
251 3492 319 3546 locis
339 3493 557 3546 adnotabuntur.

265 3576 290 3641 1)
310 3571 377 3644 οίκῳ
395 3590 445 3641 pro
465 3578 539 3645 σηκῷ
558 3573 675 3642 praebet
693 3571 925 3627 Vindobonensis.

266 3655 292 3721 2)
312 3648 391 3706 οἷκον
410 3651 493 3707 Vind.

264 3736 290 3801 3)
309 3731 343 3786 cf.
365 3737 407 3800 18,
422 3738 487 3798 4223
512 3739 556 3801 28,
571 3738 630 3786 510,
660 3730 731 3800 ἀνὴρ
759 3731 828 3802 ἔχων
856 3732 939 3788 ἐνδον
966 3743 1014 3803 τῆς
1042 3731 1148 3803 κοιλίης
1176 3731 1324 3803 ἀπόστημα
1351 3735 1482 3802 προσή-

174 3815 192 3865 δ
198 3831 296 3879 ρευεν
314 3821 373 3873 τοῖς
392 3810 517 3876 ἐνδόξοις
534 3813 643 3873 τούτοις
661 3812 709 3864 καὶ
729 3814 860 3883 φοβεροῖς
880 3814 985 3880 ἰατροῖς
1004 3819 1028 3882 5,
1044 3820 1103 3867 332.
1125 3814 1159 3867 cf.
1178 3814 1372 3881 προσεδρεύων
1391 3813 1422 3868 δὲ
1442 3821 1482 3887 τῷ

176 3892 243 3963 οίκφ
262 3901 317 3946 τῶν
336 3889 423 3961 ἁγίων
442 3896 467 3958 4,
483 3898 541 3944 328.
573 3891 766 3958 προσεδρεύων
785 3885 820 3959 ἦν
838 3902 896 3954 τοῖς
915 3891 1005 3963 ἁγίοις
1025 3900 1066 3963 17,
1082 3899 1141 3947 414.
1175 3893 1346 3962 προσήδρευε
1365 3893 1394 3946 in
1415 3894 1483 3963 Cyri

174 3973 203 4024 et
224 3970 337 4024 Ioannis
360 3970 503 4024 miraculis
528 3977 570 4037 28,
586 3977 655 4024 3505
667 3972 696 4024 Β.
718 3972 751 4025 cf.
772 3974 992 4041 παρεδρεύοντες
1014 3973 1234 4040 iulaesum.
1271 3973 1373 4026 Itidem
1391 3992 1480 4042 προσ-

175 4050 295 4119 εδρεύων
318 4055 355 4122 τῷ
374 4054 433 4122 θεῷ
452 4052 499 4119 (sc.
519 4050 697 4121 Aesculapio)
716 4052 751 4105 de
770 4052 863 4107 Salvio
883 4053 1005 4121 consule,
1025 4072 1048 4107 v.
1069 4071 1153 4122 supra
1171 4073 1198 4122 p.
1214 4059 1237 4106 9.
1254 4085 1288 4093 -
1310 4053 1483 4121 Ceteroquin

176 4147 239 4183 cum
259 4131 293 4184 de
313 4130 398 4183 sacris
417 4130 575 4184 medicinae
594 4149 679 4185 causa
698 4133 930 4202 frequentatis
951 4135 1060 4202 agatur,
1080 4148 1200 4186 errorem
1219 4132 1385 4187 correxerim
1403 4133 1483 4187 Wel-

176 4209 328 4277 cke1i‚qui
352 4210 387 4262 de
410 4210 515 4279 templo
534 4211 695 4281 Aesculapii
719 4211 885 4267 Atheniensi
909 4211 1007 4265 scribit
1031 4212 1101 4266 haec
1120 4213 1173 4282 (Kl.
1194 4213 1269 4267 Schr.
1284 4212 1323 4265 HI
1337 4215 1394 4281 89):
1415 4214 1484 4280 „der

176 4294 222 4361 (sc.
243 4291 291 4344 der
316 4291 432 4359 Tempel)
456 4293 527 4345 κααλι
549 4293 622 4346 cicer
645 4293 725 4348 Stella
747 4309 782 4347 ια
804 4293 945 4359 εσλιλίιίεικ
968 4294 999 4345 ia
1021 4293 1112 4347 Αῖλιικ
1134 4293 1241 4348 damula
1263 4294 1339 4348 κιίλιῖ
1359 4294 1421 4347 sehr
1439 4295 1483 4348 bc-

175 4371 253 4424 sacht
271 4375 355 4424 war.“
391 4370 552 4425 Adnotatur
573 4373 620 4425 Ar.
640 4373 713 4428 Plut.
728 4391 753 4427 v.
770 4378 822 4426 664
833 4391 886 4440 sq.:
911 4365 982 4439 ἦσαν
1006 4370 1039 4425 δέ
1061 4393 1134 4436 τινες
1160 4373 1256 4428 κάλλοι
1279 4369 1407 4442 δεόμενοι
1430 4383 1483 4428 τοῦ

176 4454 261 4517 θεοῦ;
281 4446 321 4512 εἷς
340 4447 389 4518 μέν
408 4470 438 4520 γε
459 4450 635 4522 Νεοκλείδης.
673 4453 779 4506 Tamen
798 4471 820 4504 v.
838 4457 888 4505 667
908 4453 1039 4505 secuntur
1058 4450 1145 4522 ἕτεροί
1163 4472 1192 4506 τε
1210 4453 1340 4507 πολλοίλ

266 4533 293 4599 4)
312 4529 365 4583 Pro
380 4529 410 4584 ἐν
421 4563 453 4570 -
465 4530 672 4601 ἐπιφώσκοντος
685 4531 768 4585 Vind.
784 4529 898 4584 exhibet
911 4532 993 4587 haec:
1008 4531 1077 4586 καθ’
1096 4532 1213 4602 ἑκάστην
1228 4533 1258 4588 ἐν
1272 4536 1310 4606 τῷ
1328 4531 1481 4607 πανσέπτῳ

177 4610 271 4664 αὐτῶν
290 4608 364 4682 οίκφ.

266 4691 292 4758 5)
312 4689 346 4744 cf.
367 4707 451 4760 supra
469 4711 495 4761 p.
513 4697 593 4759 65,1.
