3294 5190
667 338 709 392 De
728 335 842 390 somniis
861 334 973 390 divinis.
1429 332 1470 397 13

236 498 329 573 Μόνη
356 502 389 571 (l)
418 499 591 568 εἰίριορφον
622 495 687 552 λίαν
716 496 898 567 δπερβ[ολ]ην
908 494 927 563 ¹)
957 491 1091 562 οόροίνιόν
1121 512 1147 547 τι
1177 490 1297 553 κοίλλος
1327 491 1471 564 ixpasch]

235 578 393 648 ἀδιηγήτως
418 574 548 645 ὡραίαν
567 577 616 630 καί
642 572 748 647 [ν]ίαν
773 576 828 628 κτλ.
870 574 923 628 Vel
949 572 1076 642 Wessely
1103 571 1212 626 Griech.
1239 571 1471 642 Zauberpapyrus

233 677 260 728 p.
276 665 319 726 36,
339 664 391 712 634
402 675 474 725 sqq.:
504 654 573 710 όταν
598 651 748 709 οὖντοῦτο
766 652 893 725 ποιήσῃς,
909 651 967 726 όψῃ
982 652 1054 707 θεόν
1072 652 1237 720 νεώτερον
1256 653 1371 722 εὐειδῆ
1389 671 1471 721 πυρι-

233 737 349 809 νότριχοι
368 737 399 791 ἐν
421 745 516 806 χιτῶνι
534 738 643 808 λευκῷ
662 736 710 790 καί
733 734 852 803 χλαμύδι
870 731 987 804 κοκκίνῃ
1008 732 1107 803 ἔχοντα
1125 733 1272 801 πύρινον
1291 730 1470 801 στέφανον.

233 819 280 889 (ef.
295 837 321 888 p.
332 819 422 886 10sq.)
450 814 692 870 Pulchritudinem
705 813 830 867 mulieris
844 829 894 882 per
912 812 1051 866 somnium
1064 812 1142 866 visae
1157 813 1272 881 eiusque
1286 814 1377 866 vestes
1392 812 1471 866 albas

234 898 321 952 etiam
344 898 472 952 Socrates
497 896 616 949 adnotat
638 893 667 947 in
686 887 936 965 PlatonisOriton.
960 911 987 962 p.
1002 899 1037 947 44
1056 893 1136 965 AsB:
1166 891 1257 948 ἐδόκει
1275 890 1317 954 τίς
1335 912 1382 961 μοι
1401 892 1471 961 γυνὴ

233 981 428 1047 προσελθοῦσα
447 975 530 1045 καλὴ
549 976 598 1030 καί
617 973 732 1041 εἰειδή
739 995 764 1041 ς,
783 973 884 1028 λευκὰ
899 971 995 1042 ίμοίτια
1014 973 1123 1044 ἔχουσα,
1141 971 1255 1028 καλέσαι
1269 991 1302 1041 με
1316 973 1364 1027 καί
1383 973 1473 1027 εἰπεῖν

236 1061 292 1114 κτλ.
336 1057 462 1121 Quocum
487 1055 600 1126 egregie
630 1053 794 1119 concinunt,
825 1069 897 1123 quae
928 1054 1003 1122 apud
1033 1053 1216 1108 Aristotelem
1240 1054 1373 1122 leguntur
1408 1053 1471 1120 περί

234 1135 375 1194 ἐνυπνίων
393 1136 478 1190 4581)
506 1139 538 1189 10
563 1153 590 1204 p.
606 1140 640 1189 63
665 1133 759 1188 Biehl:
794 1132 864 1188 ἀλλὰ
889 1133 943 1203 μὴν
969 1132 1035 1187 οὐδὲ
1058 1139 1092 1205 τῇ
1115 1131 1185 1206 δόξῃ
1208 1137 1256 1203 (sc.
1281 1134 1312 1188 τό
1339 1134 1472 1189 ἐνύπνιον

234 1215 453 1287 αἰσθανόμεθα).
495 1217 528 1270 οὐ
555 1214 608 1284 γὰρ
632 1213 720 1283 μόνον
742 1215 774 1268 τό
796 1211 914 1282 προσιόν
938 1233 1030 1282 φαμεν
1056 1213 1211 1282 ἄνθρωπον
1236 1211 1254 1281 ἢ
1278 1212 1380 1281 ἵππον,
1403 1213 1473 1268 ἀλλὰ

236 1299 286 1354 καί
304 1297 425 1352 λενκδν
444 1294 461 1365 ἢ
480 1294 593 1352 καλόν.

165 1426 287 1492 Odores
311 1425 419 1491 dulces
444 1446 460 1488 e
483 1423 630 1508 personis
654 1425 772 1487 exeunt
795 1420 1034 1506 apparentibus,

234 1549 276 1602 De
295 1547 420 1601 Athena:
439 1546 570 1611 ἀπῶζεν
593 1543 624 1599 δί
643 1545 692 1599 καί
709 1553 759 1614 τῆς
781 1541 891 1613 αἰγίδος
914 1540 957 1597 ότι
979 1540 1120 1612 ἥδιστον
1142 1542 1258 1597 Aristid.
1278 1544 1304 1596 11
1322 1545 1471 1611 403‚27K.

233 1630 274 1682 De
292 1625 460 1681 Protesilao:
480 1623 599 1690 ἀπόζει
622 1626 708 1679 αὐτοῦ
731 1623 831 1694 ἥδιον
855 1621 940 1692 ἢτοῦ
960 1623 1121 1692 μετοπώρου
1138 1632 1194 1677 τῶν
1213 1623 1322 1692 μύρτων
1341 1623 1471 1678 Philostr.

232 1707 343 1762 Heroic.
363 1711 415 1761 673
433 1725 459 1775 p.
477 1712 540 1775 141,
560 1711 602 1760 21.
636 1705 671 1759 cf.
695 1704 767 1760 Plut.
792 1705 827 1757 de
853 1704 910 1766 def,
930 1721 968 1758 or.
989 1710 1021 1757 21
1042 1722 1068 1773 p.
1084 1705 1173 1757 421ss
1192 1706 1227 1773 (v,
1247 1706 1353 1774 supra):
1382 1707 1471 1773 φθεγ-

233 1785 353 1858 γομένου
363 1785 463 1855 δί,τδν
476 1784 565 1840 τόπον
579 1781 704 1839 εἰιοιδία
719 1794 837 1855 κατεῖχε,
851 1793 900 1838 τοῦ
920 1783 1056 1854 στόματος
1068 1781 1210 1854 ἥδιστον
1228 1781 1471 1846 ἀποπνέοντος.

165 1915 373 1980 Evanescunt
402 1913 525 1998 subito,
548 1911 635 1996 quod
665 1912 857 1995 exprimitur
884 1910 990 1975 verbis
1018 1911 1242 1977 ἀποτίσεσθαι
1269 1912 1320 1976 vel
1343 1911 1474 1996 ἀφανὴς
1565 1925 1566 1928 ’

169 2017 354 2097 γίγνεσθαι.

237 2135 286 2189 τόν
309 2132 361 2203 μὲν
383 2142 472 2187 ταῦτα
496 2130 611 2187 εἰπόντα
630 2130 722 2188 ἐδόκει
741 2131 755 2185 δ
774 2129 881 2201 Ξέρξης
899 2131 1085 2186 ἀποπτάσθαι
1103 2130 1205 2186 Herod.
1224 2130 1275 2183 VH
1291 2136 1331 2183 13.
1360 2130 1474 2199 ἀφανὴς

235 2215 311 2286 αὐτῷ
331 2211 439 2284 ἐγένετο
459 2212 666 2284 (Telesphorus)
685 2212 786 2266 Marin.
805 2231 829 2266 v.
849 2212 942 2267 Procli
962 2218 985 2267 7.

254 2322 305 2386 Ex
329 2323 395 2408 his,
424 2344 505 2406 quae
533 2322 672 2406 catalogi
699 2322 750 2386 vel
779 2321 894 2385 indicis
922 2322 1026 2385 instar
1053 2321 1197 2385 conferre
1226 2320 1376 2385 idoneum
1404 2342 1473 2383 esse

165 2422 287 2505 putavi,
303 2421 381 2485 satis
397 2420 501 2484 elucet
519 2420 552 2482 in
572 2419 704 2484 somniis
724 2419 950 2502 describendis,
968 2419 1145 2501 etquidem
1165 2419 1204 2482 iis
1224 2419 1367 2502 somniis,
1391 2440 1473 2501 quae

80 2515 82 2520 ’
165 2520 198 2583 vi
231 2520 340 2584 divina
372 2518 519 2602 praedita
549 2539 618 2582 esse
647 2518 872 2601 credebantur,
907 2539 1032 2601 semper
1063 2517 1189 2580 easdem
1220 2537 1384 2580 occurrere
1414 2538 1474 2581 res.

168 2616 261 2694 Quod
284 2617 413 2701 quidem
436 2617 477 2679 ad
501 2637 613 2681 sensus
637 2615 867 2680 somniantium
895 2616 1043 2679 universe
1070 2615 1224 2699 pertinet,
1251 2615 1346 2679 nobis
1370 2614 1474 2678 dicen-

165 2715 241 2778 dum
264 2719 314 2778 est
337 2714 407 2799 illa,
431 2736 512 2799 quae
535 2715 640 2797 primo
663 2714 734 2778 loco
758 2714 996 2797 composuimus
1026 2735 1170 2798 quaeque
1192 2711 1362 2777 lamblichi
1385 2735 1473 2796 prae·

165 2814 259 2897 cipue
277 2813 385 2878 verbis
405 2813 526 2896 optime
545 2810 758 2895 illustrantur,
782 2812 951 2895 mysticam
971 2812 1132 2895 quandam
1151 2811 1301 2875 exhibere
1320 2811 1473 2876 indolem:

166 2911 237 2974 dico
261 2911 299 2974 de
322 2911 376 2995 iis,
400 2931 481 2993 quae
504 2932 610 2994 aurea,
639 2909 762 2994 oculos,
790 2911 891 2975 totius
915 2911 1060 2994 corporis
1091 2931 1220 2973 sensum
1244 2910 1405 2993 afficiunt,
1435 2910 1474 2972 de

165 3008 311 3092 vocibus,
335 3029 416 3092 quae
439 3007 627 3093 audiuntur,
651 3008 689 3070 de
712 3007 849 3091 mystica
877 3008 947 3072 luce
975 3008 1132 3093 fulgente,
1160 3008 1198 3070 de
1226 3029 1304 3071 aura
1331 3029 1474 3091 amoena,

165 3127 229 3188 qua
252 3106 490 3169 circumeuntur
508 3106 711 3168 somniantes.
741 3104 824 3168 Sunt
846 3106 931 3169 inter
953 3109 1082 3168 nostrae
1106 3126 1233 3188 quoque
1256 3105 1371 3168 aetatis
1394 3104 1474 3187 hyp-

165 3203 298 3266 nctismi
321 3205 354 3265 et
377 3202 548 3286 spiritismi
571 3205 726 3285 auctores,
750 3203 806 3285 qui
829 3202 907 3265 talia
930 3202 964 3265 in
983 3203 1185 3267 consessibus
1209 3202 1276 3266 suis
1299 3202 1368 3265 fieri
1392 3223 1475 3264 asse-

165 3304 285 3364 verent.
331 3297 438 3384 Magis
462 3298 559 3362 etiam
582 3299 788 3382 perspicuum
812 3302 861 3363 est
883 3301 1051 3364 concinere
1074 3321 1155 3384 quae
1184 3299 1222 3363 de
1246 3300 1295 3363 dis
1320 3300 1400 3384 ipsis
1423 3298 1475 3363 vel

166 3397 375 3461 daemonibus
395 3396 551 3461 divinitus
570 3396 678 3462 missis
696 3398 912 3480 proferuntur.
955 3397 1098 3475 Quorum
1122 3398 1311 3482 magnitudo
1334 3397 1474 3480 pulchri-

166 3496 244 3559 tudo
268 3495 417 3559 iuventus
441 3493 610 3558 caelestem
633 3499 782 3559 naturam
806 3499 901 3580 atque
930 3496 1088 3580 originem
1117 3495 1292 3581 declarant3
1316 3518 1474 3558 summam

167 3595 252 3658 enim
275 3594 408 3657 numina
431 3593 487 3656 illa
510 3593 740 3677 perfectionem
763 3597 929 3677 praestant
956 3597 1053 3677 atque
1081 3593 1316 3658 absolutionem
1324 3590 1358 3680 2).
1405 3593 1474 3671 Qua

166 3693 199 3755 in
230 3714 264 3756 re
294 3692 488 3756 monendum
518 3692 646 3755 videtur
676 3692 779 3755 inesse
809 3691 971 3777 nonnihil,
1002 3692 1089 3775 quod
1118 3691 1157 3754 de
1191 3691 1359 3755 beatorum
1389 3684 1474 3756 terra

169 3812 342 3874 eorumque
370 3790 477 3854 indole
506 3811 587 3873 quae
614 3789 810 3874 referuntur,
838 3791 873 3854 in
899 3790 1088 3854 memoriam
1115 3810 1229 3854 vocare
1261 3788 1373 3873 possit.
1421 3789 1474 3854 Sic

167 3887 280 3951 odores
313 3887 434 3973 dulces,
467 3909 548 3972 quos
578 3910 595 3951 e
625 3888 771 3971 personis
802 3889 1033 3972 apparentibus
1064 3887 1150 3951 exire
1186 3888 1410 3951 adnotavimus
1441 3889 1474 3952 in

169 3984 257 4048 illius
272 4006 399 4068 quoque
412 3989 516 4049 terrae
534 3985 804 4068 descriptionibus
822 4007 889 4049 non
907 3986 1005 4050 semel
1024 3989 1323 4049 commemorantur.
1347 3985 1386 4049 cf.
1401 4006 1473 4048 cum

168 4082 221 4166 iis,
254 4103 336 4166 quae
372 4105 469 4166 supra
509 4083 691 4167 attulimus,
723 4082 808 4146 Plut.
841 4083 880 4146 de
912 4104 983 4148 sera
1014 4105 1100 4147 num.
1129 4083 1214 4147 vind.
1238 4083 1281 4146 22
1309 4105 1340 4166 p.
1364 4081 1473 4147 cccl:

168 4178 322 4258 ἐξέπνει
346 4176 382 4245 db
404 4182 555 4265 μαλακὴν
577 4179 632 4247 καί
646 4191 787 4267 πραεῖαν
811 4180 919 4267 αὔραν
942 4181 1062 4265 ὀσμὰς
1086 4180 1324 4266 ἀναφέρουσαν
1351 4179 1474 4265 ἡδονῆς

168 4302 203 4343 τε
233 4280 423 4362 θαυμασίας
454 4282 522 4343 κτλ.
576 4277 639 4342 Vel
669 4277 744 4342 Luc.
777 4300 840 4342 ver.
868 4277 943 4343 hist.
969 4277 1002 4342 H
1028 4277 1062 4342 5:
1094 4281 1272 4364 θαυμαστή
1300 4302 1350 4355 τις
1386 4279 1474 4365 αὔρα

167 4374 458 4459 περιέπνευσεν
481 4374 576 4459 ἡμᾶς,
598 4375 693 4459 ἡδεῖα
715 4374 771 4441 καί
799 4376 960 4459 εὐώδης,
990 4377 1065 4441 οίαν
1092 4375 1197 4460 φησίν
1220 4376 1237 4442 ὁ
1262 4381 1474 4463 συγγραφεὺς

162 4473 344 4560 Ἡρόδοτος
368 4473 528 4552 ἀπόζειν
550 4482 608 4556 τῆς
626 4474 824 4558 εὐδαίμονος
837 4472 1000 4561 Ἀραβίας.
1030 4471 1084 4560 (cf.
1099 4475 1197 4538 etiam
1211 4497 1242 4558 p.
1259 4473 1324 4562 10.)
1349 4474 1473 4550 Quibus

257 4653 283 4720 1)
301 4651 403 4717 ?„Tbc
419 4650 536 4720 νεοιίίνρ
554 4650 588 4716 of
601 4650 655 4704 this
671 4651 747 4704 word
764 4652 789 4705 is
806 4667 871 4721 νονρ
889 4651 1035 4718 δονόίίιιί(
1052 4651 1178 4719 Kenyon.

255 4734 282 4802 2)
301 4731 334 4783 Id
353 4732 429 4799 quod
447 4729 597 4786 vernacula
614 4729 714 4799 lingua
733 4730 923 4802 significamus
942 4748 1010 4785 voce
1030 4730 1246 4800 ‘ldealgestalt’.
