3294 5190
173 335 217 399 46
752 334 843 403 Caput
858 335 891 388 H.

172 522 255 583 μευα
284 499 389 562 ἄδυτα
417 496 473 584 (sc.
499 495 651 583 Cereris):
680 496 778 559 schol.
801 496 877 560 Luc.
902 496 974 560 dial.
999 502 1124 561 meretr.
1148 495 1180 560 Π
1207 498 1222 560 1
1250 497 1373 580 publici
1404 496 1491 560 iuris

172 596 293 660 factum
317 618 336 659 a
354 594 483 660 Rohdio
503 594 585 659 Mus.
604 593 706 657 Rhen.
725 593 818 658 XXV
837 593 976 679 548sqq.
995 595 1034 658 cf.
1054 593 1164 678 Steph.
1183 595 1259 677 Byz.
1279 617 1303 659 s.
1322 619 1351 658 v.
1373 598 1490 678 Μίλη-

172 719 229 770 τος
248 692 319 778 (ubi
337 693 426 756 locus
450 692 543 756 valde
562 689 760 777 corruptum:
783 690 838 755 καὶ
858 690 910 756 ἐπὶ
929 693 969 755 τὰ
987 701 1044 775 τῆς
1063 695 1240 778 Δήμητρος
1259 693 1330 779 ἱερὰ
1349 698 1491 757 κλῶνον

172 794 291 867 πίτυος
313 795 470 856 τίθεσθαι
495 788 725 875 (νομίζουσιυῖ
747 788 869 876 Μ611.)
905 787 974 852 Iam
998 791 1076 853 satis
1101 794 1235 872 apparet
1258 791 1372 872 pinum
1395 791 1489 872 apud

173 888 249 952 deos
273 887 444 951 chthonios
467 887 518 951 vel
542 908 605 970 eos,
629 887 684 969 qui
708 907 781 950 cum
804 887 844 949 iis
866 888 1052 971 concinunt,
1076 887 1164 951 velut
1188 887 1315 971 Cybele,
1338 887 1489 970 aliquam

173 987 239 1049 vim
263 984 421 1049 habuisse.
464 984 682 1049 Fecunditatis
706 985 835 1068 signum
859 984 970 1066 pinum
994 984 1045 1048 vel
1064 985 1191 1066 pineam
1210 1006 1278 1049 esse
1301 986 1336 1048 in
1356 982 1489 1048 0616116

173 1081 262 1146 cultu
285 1081 419 1145 Luciani
443 1080 617 1146 scholiasta
633 1081 727 1145 nobis
751 1081 862 1165 tradit,
885 1103 963 1143 num
987 1105 1038 1145 res
1060 1081 1139 1145 alias
1164 1082 1313 1145 similiter
1336 1105 1406 1146 sese
1430 1083 1490 1146 ha-

122 1246 127 1254 ,
174 1180 289 1261 buerit,
311 1179 367 1243 hic'
389 1180 422 1242 in
446 1179 544 1242 dubio
572 1178 799 1261 relinquamus.
845 1176 1010 1242 Addamus
1033 1184 1154 1262 tamen,
1182 1184 1218 1243 ut
1246 1180 1488 1265 consuevimus,

175 1276 262 1340 locos
294 1299 489 1360 papyrorum
522 1277 732 1360 magicarum,
764 1276 820 1338 ubi
854 1277 950 1359 pinea
981 1276 1032 1340 vel
1068 1277 1163 1359 pinus
1200 1283 1488 1343 commemoretur:

172 1377 342 1459 στρόβιλοι
371 1374 535 1438 Dieterich
559 1373 637 1457 Pap.
665 1371 781 1458 mag.l
804 1374 896 1457 2112.
930 1372 1050 1438 Abrax.
1075 1374 1266 1458 170,1.11.
1290 1374 1332 1437 ib.
1357 1375 1436 1458 204,
1455 1377 1489 1440 2.
1555 1394 1561 1408 ‘

172 1475 370 1557 στροβίλια.
393 1521 401 1536 .
426 1524 432 1536 .
457 1469 533 1557 ζ’(ῑ)
557 1470 665 1535 Parth.
696 1471 768 1555 127,
783 1470 857 1536 245.
893 1470 1127 1555 Memorabilis,
1151 1473 1177 1535 si
1202 1494 1282 1555 quae
1311 1473 1408 1536 modo
1444 1473 1492 1537 da

175 1571 287 1652 pineae
319 1571 351 1633 vi
378 1570 603 1633 adnotavimus
630 1568 829 1652 memineris,
856 1568 945 1633 locus
976 1570 1062 1652 apud
1089 1569 1192 1633 Wess.
1219 1567 1311 1634 Neue
1340 1568 1394 1634 01.
1420 1569 1485 1634 ZP.

171 1667 509 1752 25,182sqq.=Ken.
525 1667 577 1749 90,
595 1666 746 1750 18261161
759 1669 866 1731 πολλὰ
889 1667 1046 1750 lipidam
1064 1667 1247 1731 δύνασθαι·
1271 1670 1486 1752 στροβίλια

169 1768 374 1848 πεντήκοντα
397 1766 476 1849 μετὰ
500 1762 562 1829 δύο
587 1763 756 1847 κυά1θ]αν
779 1763 918 1846 γλυκέος
938 1763 994 1829 καὶ
1016 1766 1157 1841 κόκκους
1178 1763 1330 1851 κετέρεος
1358 1768 1485 1851 τρίψας

171 1874 233 1927 als.
256 1865 354 1938 πίτυς
376 1866 510 1945 apparet
533 1862 575 1925 ib.
597 1861 660 1925 174
676 1893 717 1913 =
732 1860 967 1944 Ken.89,174.
995 1862 1113 1946 ῥητίνη
1138 1861 1278 1948 1Ἧ611’)
1303 1861 1338 1926 ἐκ
1361 1864 1485 1940 πίτυος

172 1960 275 2023 Wess.
296 1959 349 2024 01.
368 1958 428 2023 ΖΡ.
448 1960 500 2043 95,
515 1960 664 2023 2970-
684 1958 733 2021 De
756 1959 850 2022 melle
869 1958 1010 2023 incultu
1029 1959 1183 2024 chthonio
1202 1981 1304 2042 pauca
1322 1960 1484 2026 addenda

172 2057 338 2122 Nonnulla
361 2057 399 2122 cf.
419 2080 449 2140 p.
468 2057 512 2120 45
531 2057 591 2121 sub
610 2055 651 2120 II.
688 2056 736 2120 De
760 2056 931 2122 melituttis
950 2081 978 2122 v.
999 2080 1027 2140 p.
1042 2058 1094 2122 43.
1127 2057 1176 2121 De
1195 2057 1360 2121 melicrato
1379 2081 1412 2141 p.
1426 2059 1485 2125 44.

172 2156 211 2219 cf.
235 2154 325 2219 Diels
354 2154 420 2219 Sib.
448 2155 497 2219 Bl.
525 2178 556 2238 p.
581 2155 631 2217 71.
681 2153 747 2218 Mel
779 2156 813 2218 in
845 2156 992 2241 magicis:
1024 2155 1127 2219 Wess.
1156 2154 1209 2219 Gr.
1237 2155 1297 2220 ZP.
1326 2155 1379 2238 39,
1400 2157 1484 2241 755,

170 2253 223 2336 40,
239 2254 317 2338 781,
340 2253 393 2338 43,
408 2253 486 2338 908,
514 2253 566 2336 96,
581 2252 678 2316 3004.
706 2252 747 2316 id.
775 2252 866 2318 Neue
896 2253 948 2318 01.
972 2253 1033 2318 ΖΡ.
1057 2253 1189 2339 25,185
1209 2285 1250 2307 =
1275 2253 1314 2316 K.
1334 2253 1483 2338 90,185.

169 2351 277 2415 Parth.
299 2352 372 2434 120,
387 2352 443 2434 20,
469 2349 542 2433 150,
558 2350 607 2414 19.
631 2349 750 2437 Abrax.
774 2351 845 2434 179,
861 2353 889 2416 7.
924 2350 1072 2417 Ἀττικόυ
1095 2351 1199 2415 Wess.
1222 2350 1313 2416 Neue
1338 2349 1391 2416 Gr.
1416 2352 1483 2418 ZP.

169 2448 454 2532 26,192-εΚ611.
473 2448 605 2531 91199
629 2447 695 2534 (W.
719 2449 798 2512 false
821 2448 924 2537 legit).
955 2450 1095 2532 Parthey
1122 2450 1194 2533 120,
1209 2449 1237 2512 6.
1265 2487 1302 2496 -
1328 2449 1483 2534 Denique

169 2546 316 2610 attendas
339 2569 397 2629 per
420 2550 486 2610 tres
510 2547 577 2609 dies
601 2547 715 2610 durare
738 2547 945 2630 curationem,
968 2547 1008 2611 cf.
1027 2570 1057 2631 p.
1076 2547 1129 2630 37,
1143 2547 1173 2610 3.

263 2643 319 2707 IV.
343 2647 459 2727 λαβεῖν
481 2637 562 2728 αἷμα
585 2643 617 2722 ἐξ
646 2643 874 2730 ἀλεκτρυῶνος
893 2650 1013 2710 λευκοῦ
1036 2647 1117 2729 μετὰ
1134 2644 1266 2730 μέλιτος
1283 2643 1338 2708 καὶ
1356 2649 1483 2713 κολλύ-

168 2743 273 2826 prole]
307 2752 485 2829 συντρῖψαι
512 2740 568 2807 καὶ
597 2741 650 2808 ἐπὶ
683 2754 772 2827 τρεῖς
798 2740 921 2828 ἡμέρας
949 2741 1129 2827 ἐκτχρεϊσαι
1158 2742 1211 2808 ἐπὶ
1238 2746 1318 2818 τοὺς
1344 2742 1483 2827 ὀφθαλ-
1513 2820 1520 2831 .

168 2842 258 2923 μούς.
297 2837 425 2904 Gallum
447 2838 641 2924 Aesculapio
666 2839 878 2904 sacrificatum
897 2861 964 2904 esse
987 2841 1191 2904 notissimum
1210 2863 1249 2904 ex
1267 2839 1482 2907 celeberrimo

169 2936 351 3000 Phaedonis
374 2936 534 3002 Platonici
557 2938 628 3002 loco
651 2961 682 3021 p.
704 2935 839 3024 118A1).
862 2938 901 3001 cf.
920 2937 1066 3003 Herodas
1091 2938 1139 3003 IV
1160 2939 1276 3004 1210.
1317 2936 1481 3005 Artemid.

173 3033 279 3098 Oneir.
294 3034 325 3099 V
339 3035 368 3098 9.
392 3034 507 3098 Festus
530 3059 560 3120 p.
577 3037 641 3099 110
650 3036 693 3100 Μ.
714 3033 879 3122 (gallinam
905 3057 986 3118 quae
1004 3036 1141 3099 fortasse
1160 3036 1257 3099 etiam
1276 3033 1480 3118 Amphiarao

169 3130 269 3214 Oropi
289 3133 515 3218 offerebantur,
533 3135 572 3198 cf.
587 3157 617 3217 p.
632 3133 699 3220 42).
731 3132 830 3196 Plura
849 3135 934 3216 apud
947 3133 1171 3219 Baethgenum
1190 3133 1238 3196 De
1262 3133 1294 3196 vi
1317 3153 1354 3196 ac
1377 3133 1481 3218 signi-

166 3230 317 3293 ficatione
344 3229 423 3315 galli
450 3231 484 3294 in
516 3231 728 3317 religionibus
756 3235 789 3295 et
819 3231 942 3295 artibus
971 3231 1165 3296 Graecorum
1193 3235 1226 3295 et
1252 3231 1479 3296 Romanorum

167 3350 196 3408 p.
217 3324 365 3413 32sqq.2)
411 3328 494 3392 Vide
518 3330 616 3393 etiam
640 3328 771 3414 Stengel
795 3328 848 3392 Gr.
872 3327 1062 3393 Kultusalt.2
1084 3353 1113 3411 p.
1131 3329 1203 3392 108.
1248 3328 1297 3390 De
1320 3328 1418 3411 gallis
1443 3331 1479 3394 in

166 3429 369 3488 mortuorum
392 3426 481 3489 cultu
510 3450 538 3490 v.
563 3425 695 3511 Stengel
723 3426 765 3489 ib.
792 3449 821 3508 p.
844 3426 906 3489 132
931 3424 985 3512 (cf.
1008 3448 1038 3508 p.
1065 3422 1151 3509 134).
1189 3422 1301 3487 Rohde
1329 3422 1480 3504 Psyche²

170 3520 185 3584 1
205 3522 270 3585 242
280 3521 318 3586 A.
347 3524 512 3588 Dieterich
531 3523 649 3588 Abrax.
669 3547 699 3608 p.
712 3522 774 3587 158
783 3523 854 3586 adn.
877 3523 1044 3608 Baethgen
1062 3523 1082 3585 l.
1093 3544 1118 3585 6.
1129 3543 1159 3604 p.
1168 3521 1285 3604 23sqq.
1309 3519 1478 3589 Animalia

166 3620 232 3682 albi
252 3622 369 3686 coloris
389 3622 422 3686 in
437 3623 602 3687 sacrificiis
621 3621 780 3686 lustrandi
799 3642 895 3684 causa
914 3620 1071 3703 susceptis
1089 3618 1320 3702 mactabantur,
1341 3618 1479 3708 Stengel

167 3755 380 3765 ———.—

256 3836 281 3904 1)
300 3831 436 3904 Spectant
454 3833 490 3890 ad
509 3834 585 3889 hune
602 3833 695 3889 locum
713 3835 808 3902 patres
827 3831 1027 3900 ecclesiastici,
1047 3831 1096 3901 qui
1115 3848 1170 3885 non
1190 3830 1259 3894 sine,
1273 3828 1476 3900 indignatione

167 3911 202 3968 de
221 3932 250 3968 re
270 3915 332 3985 ipsa
351 3915 506 3985 disputant,
525 3914 691 3969 Tertullian.
712 3914 747 3966 de
766 3929 810 3967 an.
832 3918 855 3966 1.
870 3912 998 3966 Lactant.
1017 3912 1109 3966 Divin.
1125 3906 1217 3965 instit.
1232 3912 1270 3965 ΙΠ
1285 3916 1326 3964 20.

253 3999 280 4066 2)
300 3995 405 4060 Quodsi
424 3995 605 4065 Baethgenus
624 4013 651 4064 p.
667 3999 701 4047 32
720 3993 832 4048 scribit:
850 3994 1070 4059 „lucubationem
1093 4010 1172 4046 mune
1198 3993 1369 4063 pollicente
1391 3993 1476 4057 fiairi

164 4093 221 4129 κου
239 4076 348 4131 talaria
366 4077 527 4143 6611611113
545 4074 666 4128 maxime
684 4073 738 4128 tibi
757 4073 857 4128 licebit
871 4071 1019 4141 dubitare,
1038 4071 1107 4139 quin
1130 4072 1184 4125 hac
1208 4072 1243 4124 de
1267 4086 1353 4123 causa
1376 4071 1474 4139 gallus

165 4173 227 4209 cum
246 4155 409 4225 Aesculapii
428 4155 506 4209 cultu
526 4155 562 4208 611
580 4154 754 4208 coniunctus.
774 4187 806 4194 -
826 4154 858 4207 In
876 4152 1059 4222 inscriptione
1077 4150 1233 4221 Epidauria
1251 4167 1323 4204 nova
1342 4149 1472 4220 (Ephem.

165 4236 238 4289 arch.
256 4241 323 4289 1899
342 4254 370 4304 p.
387 4241 438 4302 1‚s
465 4237 494 4290 61
516 4253 542 4304 p.
564 4241 588 4303 2,
608 4236 653 4303 23)
676 4234 801 4288 Latonae
830 4233 1023 4302 Artemidique
1048 4234 1077 4286 et
1101 4231 1270 4302 Aesculapio
1293 4229 1393 4291 κάλαϊς
1416 4232 1474 4300 (vel

163 4314 271 4385 καλαῖς)
290 4314 405 4367 iubetur
423 4313 581 4383 sacrificari,
601 4333 658 4383 qua
672 4316 723 4368 sub
744 4331 810 4369 voce
828 4314 875 4367 hic
894 4313 1002 4383 gallum
1020 4312 1080 4366 illic
1095 4312 1233 4382 gallinam
1248 4309 1474 4378 intellegendam

163 4412 224 4449 esse
242 4396 339 4448 661661
357 4393 511 4448 Cavvadias
529 4413 556 4463 p.
572 4400 654 4464 osqq.
692 4394 745 4459 oui
765 4398 860 4448 tamen
877 4396 961 4462 putat
978 4410 1074 4448 vocem
1093 4391 1192 4454 κοίλαϊς
1210 4389 1323 4460 proprie
1347 4389 1473 4445 barbam

163 4473 316 4544 gallinacei
335 4473 495 4542 significare
513 4477 557 4544 (=
576 4473 611 4527 τὰ
630 4474 758 4542 κάλλαια)
778 4475 874 4543 itaque
893 4477 1003 4543 partem
1021 4473 1143 4543 positam
1165 4488 1225 4525 esse
1243 4489 1294 4540 pro
1313 4473 1383 4524 tote.
1423 4472 1473 4526 Se-

163 4554 285 4608 cundum
304 4552 430 4607 Meisteri
449 4553 618 4607 sententiam
637 4554 656 4607 ἁ
674 4553 774 4617 καλαΐς
792 4557 839 4623 (sc.
859 4553 947 4622 ὄρνις)
966 4555 1000 4607 de
1019 4554 1080 4622 ipso
1100 4570 1163 4619 ave,
1182 4550 1259 4621 gallo
1283 4549 1326 4604 vel
1350 4549 1473 4621 gallina,

164 4633 271 4687 dicitur
292 4633 364 4703 (Ber.
389 4634 415 4687 d.
440 4633 534 4688 Sachs.
556 4632 618 4688 Ges.
644 4635 670 4688 d.
694 4634 779 4689 Wiss.
801 4640 869 4688 1899
892 4633 1040 4703 phil-hist.
1066 4632 1108 4685 Kl.
1129 4651 1156 4700 p.
1173 4634 1243 4700 153).
1282 4631 1385 4684 Sexum
1409 4633 1472 4688 avis

163 4713 284 4768 fortasse
302 4713 376 4767 nihil
396 4715 486 4769 valere
505 4713 535 4766 in
554 4717 673 4784 utroque
693 4713 829 4768 sacrificio
848 4713 886 4768 id.
907 4713 1051 4767 existimat
1068 4730 1095 4782 p.
1112 4717 1171 4766 154.
1444 4741 1448 4745 ν
1521 4717 1525 4723 ’
