3294 5190
613 295 653 348 De
673 293 854 348 incubatione
874 294 1035 348 christiana.
1431 296 1474 360 65

709 502 736 565 1.
764 501 939 565 Michael.

256 609 500 674 lucubationem
533 629 691 693 paganam
722 631 741 671 a
768 607 924 671 Michaele
959 608 1018 671 sub
1051 611 1139 673 veste
1172 608 1346 673 christiana
1374 612 1475 674 conti-

166 709 258 771 nuari
287 709 350 770 iam
378 730 397 770 a
430 706 558 770 Rohdio
587 702 725 788 Psyche2
747 703 763 767 l
785 727 815 787 p.
833 705 895 769 187
926 705 1122 769 adnotatum.
1168 704 1207 769 ln
1235 704 1385 792 Aegypto
1409 709 1474 772 cul-

165 810 235 869 tum
265 804 448 890 archangeli
479 803 617 867 maxime
648 803 794 866 floruisse
821 803 965 866 invenias
996 804 1080 887 apud
1110 803 1311 868 Luekenium
1336 805 1475 870 Michael
1536 876 1541 885 ¹

166 926 196 986 p.
218 902 259 965 70
284 901 477 989 (thtingen
502 898 611 986 1898).
648 898 800 986 Aegrotis
821 902 855 965 in
873 901 1039 964 ecclesiam
1058 922 1149 964 suam
1168 902 1347 985 deportatis
1370 904 1475 968 media

164 1004 259 1064 nocte
287 1001 463 1095 apparebat
491 999 716 1084 tangendoque
744 1021 799 1063 eos
832 998 964 1063 curabat
995 998 1045 1085 (E
1073 997 1263 1063 Amdlineau
1294 999 1411 1065 Oontes
1441 1005 1473 1065 et

166 1120 296 1162 romans
330 1098 369 1161 de
401 1096 554 1183 l’Egypte
582 1096 768 1162 chretienne
791 1095 807 1160 I
833 1096 874 1159 73
885 1117 930 1178 sq.
957 1096 1006 1160 78.
1057 1095 1118 1160 Les
1146 1097 1201 1160 dix
1229 1097 1409 1162 merveilles
1436 1099 1475 1162 de

165 1194 358 1280 l’Archange
390 1195 615 1260 nicholao.
645 1195 683 1259 cf.
707 1194 839 1258 Lueken
862 1194 881 1257 l.
907 1192 953 1279 a).
1000 1192 1068 1258 Alii
1101 1195 1171 1259 oleo
1201 1196 1407 1280 sanabantur,
1435 1198 1474 1260 de

168 1294 316 1378 lampade
347 1293 433 1377 quod
462 1295 627 1376 sumptum
659 1296 727 1355 erat
755 1313 843 1356 sacra
876 1296 950 1356 ante
977 1291 1144 1357 Michaelis
1173 1293 1315 1378 effigiem
1344 1295 1474 1359 ardente

166 1390 299 1478 (Gentes
322 1416 352 1477 p.
370 1390 419 1454 75.
436 1390 487 1455 80.
524 1390 585 1453 Les
605 1389 659 1452 dix
679 1412 776 1454 meru.
795 1389 824 1452 5.
842 1389 869 1452 7.
888 1413 917 1454 v.
936 1390 978 1452 ib.
997 1412 1027 1472 p.
1047 1389 1130 1472 aasz.
1154 1390 1192 1454 cf.
1212 1390 1345 1454 Lueken
1362 1415 1392 1475 p.
1409 1391 1474 1478 71).

166 1489 325 1555 Necnon
348 1491 382 1553 in
405 1489 549 1573 Phrygia
573 1487 746 1570 colebatur,
770 1487 930 1569 imprimis
955 1485 1095 1550 Colossis
1124 1491 1156 1551 et
1179 1487 1360 1573 Hierapoli,
1383 1490 1475 1554 cuius

166 1587 256 1650 urbis
293 1588 419 1651 nummi
456 1584 684 1668 Aesculapium
722 1585 875 1648 exhibent
912 1588 945 1647 et
981 1583 1141 1669 Hygieam
1175 1584 1328 1672 (Lueken.
1353 1609 1383 1670 p.
1409 1585 1474 1672 78).

165 1683 286 1749 Nostra
310 1688 414 1748 aetate
437 1683 629 1747 Michaelem
657 1685 850 1746 venerantur
878 1682 962 1766 apud
989 1685 1133 1747 montem
1162 1681 1250 1747 Sant'
1265 1681 1391 1769 Angelo
1416 1684 1475 1748 sub

167 1779 316 1867 Gargano
336 1784 370 1846 in
389 1802 496 1866 specu,
519 1780 575 1844 ubi
595 1781 673 1844 olim
692 1781 829 1845 fortasse
849 1778 981 1845 Calchas
1001 1781 1129 1844 oracula
1147 1781 1322 1864 praebebat
1345 1780 1476 1868 (Lonor-

166 1884 265 1963 mant,
289 1883 308 1942 a
331 1883 454 1943 travers
477 1876 618 1962 l’Apulie
642 1882 673 1941 et
696 1879 728 1942 la
758 1877 897 1942 Lucania
925 1877 1016 1942 Paris
1043 1878 1128 1942 1883
1146 1877 1162 1942 I
1181 1903 1211 1962 p.
1227 1881 1278 1944 61.
1302 1880 1341 1943 of.
1360 1880 1475 1944 Rohde

166 1975 339 2061 Psyche‘ll
360 1978 421 2041 187
443 1974 537 2061 adn).
583 1975 707 2039 Eodem
730 1975 801 2040 loco
821 1975 961 2040 Henrieo
980 1974 1012 2039 Π
1036 1977 1224 2059 imperatori
1244 1974 1475 2042 Germanorum

168 2096 242 2138 cum
262 2075 385 2160 angelis
404 2075 471 2139 suis
490 2074 596 2138 visum
616 2096 685 2139 esse
703 2074 784 2158 legis
804 2074 838 2137 in
856 2074 999 2138 Monum.
1021 2072 1126 2138 Germ.
1142 2075 1288 2159 scriptor.
1303 2074 1350 2140 IV
1364 2099 1394 2160 p.
1411 2077 1475 2140 818

168 2172 221 2260 (cf.
240 2173 372 2236 Lueken
390 2195 421 2257 p.
437 2170 502 2259 99).
834 2169 838 2176 ’

256 2269 509 2334 Celeberrimum
532 2274 639 2333 autem
663 2291 801 2351 sacrum,
831 2270 888 2334 ubi
911 2271 1051 2335 Michael
1073 2293 1130 2355 per
1158 2293 1306 2335 somnum
1336 2272 1474 2336 infirmis

167 2369 287 2432 mederi
312 2368 444 2452 solebat,
468 2372 536 2432 erat
555 2366 762 2432 Sosthenium
786 2390 887 2451 prope
905 2368 1098 2452 Byzantium
1122 2369 1229 2433 situm.
1266 2369 1475 2433 Michaelium

168 2487 293 2530 sacrum
313 2465 393 2530 illud
412 2465 644 2549 appellabatur,
667 2467 787 2530 καθότι
810 2469 1023 2531 πεπίστευται
1042 2466 1165 2531 ἐνθάδε
1190 2466 1475 2551 ἐπιφαίνεσθαι

168 2564 304 2648 Μιχαὴλ
327 2565 386 2629 τὸν
409 2571 507 2629 θεῖον
530 2563 735 2650 ἀρχάγνελον
755 2614 760 2625 .
780 2612 787 2625 .
808 2612 814 2626 .
835 2565 870 2628 oi
889 2561 1037 2650 μὲνγὰρ
1060 2568 1283 2650 περιπετείαις
1307 2567 1433 2642 δειναῖς
1455 2565 1476 2649 ὴ

168 2663 341 2738 κινδύνοις
365 2661 537 2746 ἀφύκτοις,
561 2663 593 2726 οἱ
617 2657 654 2725 δὲ
677 2663 812 2738 νόσοις
834 2660 854 2745 ὴ
878 2663 1051 2726 πάθεσιν
1074 2660 1257 2744 ἀγνώστοις
1282 2667 1476 2750 περιπεσόν·

168 2783 230 2843 τες,
254 2759 426 2844 εὐξάμενοι
451 2759 600 2824 ἐνταῦθα
623 2767 668 2846 τῷ
694 2763 765 2846 Θεῷ
794 2759 1023 2843 ἀπαλλαγὴν
1053 2759 1232 2845 εὑρήκασιν
1255 2772 1322 2826 τῶν
1346 2779 1475 2846 συμφο-

78 2923 86 2936 ,
171 2868 240 2943 ρῶν
269 2855 895 2942 SozomenusHist.eccl.113Migne
923 2861 945 2921 t.
974 2857 1015 2919 67
1051 2880 1081 2941 p.
1101 2856 1205 2922 9400.
1234 2859 1273 2924 ef.
1301 2859 1475 2944 Nicephor.

171 2953 292 3019 callist.
311 2956 397 3020 Eccl.
416 2956 491 3020 hist.
511 2954 574 3019 VH
593 2954 636 3019 50
659 2954 769 3039 Migne
792 2958 814 3018 t.
837 2954 900 3017 145
924 2978 953 3036 p.
976 2953 1114 3019 1329A:
1142 2960 1300 3040 πεποίηκε
1329 2955 1365 3023 δὲ
1394 2958 1474 3023 αὐτὸ

170 3050 227 3138 (sc.
248 3052 388 3135 sacrum)
407 3051 550 3136 palliove
569 3051 814 3134 ίκφανέστατον
832 3063 904 3126 ταῖς
923 3052 1043 3116 ἑαυτοῦ
1066 3052 1320 3137 ἐπιφανείαις
1343 3054 1361 3118 ὁ
1385 3055 1475 3138 ἀρχι-

168 3151 360 3235 στράτηγος.
388 3147 498 3224 οὐδεὶς
528 3149 590 3233 γὰρ
619 3151 809 3233 περιπετείφ
838 3149 930 3232 δεινὴ
954 3147 975 3230 ὴ
998 3148 1135 3236 ἀφύκτῳ
1158 3151 1306 3238 κινδύνφ
1330 3150 1350 3233 ὴ
1374 3154 1475 3216 πάθει

170 3246 329 3333 ἀννύστφ
365 3245 385 3328 ὴ
414 3244 470 3310 καὶ
500 3245 649 3321 ἀνιάτοις
681 3247 794 3320 νόσοις
825 3246 1014 3329 περιπεσὼν
1046 3246 1195 3311 ἐνταῦθα
1227 3246 1404 3333 εὐξάμενος
1430 3257 1476 3337 τῷ

170 3349 241 3432 Θεῷ
270 3343 331 3408 οὐκ
362 3342 397 3407 ἐκ
425 3352 485 3408 τοῦ
516 3340 639 3429 ῥᾴστου
674 3344 735 3426 τὴν
763 3342 958 3426 ἀπαλλαγὴν
991 3343 1120 3430 εύρατο.
1155 3344 1299 3430 ἀκριβῶς
1328 3345 1383 3411 καὶ
1411 3349 1475 3432 γάρ

168 3445 381 3506 πεπίστευται
417 3440 539 3505 ἐνθάδε
570 3439 854 3523 ἐπιφαίνεσθαι
884 3443 1021 3525 Μιχαὴλ
1051 3442 1111 3505 τὸν
1140 3448 1238 3507 θεῖον
1268 3442 1475 3529 ἀρχάγγελον

166 3538 222 3604 καὶ
253 3540 413 3623 ίάσιμον
440 3540 499 3604 τὸν
531 3549 642 3624 χῶρον
672 3549 790 3604 ποιεῖν.
824 3533 864 3602 οὗ
892 3539 989 3623 χάριν
1027 3537 1082 3603 καὶ
1110 3542 1302 3624 Μιχαὴλιον
1330 3541 1348 3605 ὁ
1376 3544 1476 3619 τόπος

167 3649 237 3712 τοῖς
260 3636 411 3723 ἀρχαίοις
435 3636 615 3720 ὠνόμαστο.

258 3733 355 3819 Apud
379 3733 593 3798 Sozomenum
617 3736 636 3799 l.
657 3757 679 3800 s.
702 3735 796 3799 nobis
820 3738 945 3799 servata
972 3740 1022 3801 est
1044 3734 1192 3819 Aquilini
1216 3735 1395 3821 cuiusdam,
1420 3740 1476 3821 qui

167 3833 392 3915 eruptionibus
416 3832 592 3916 laborabat,
615 3833 752 3897 curatio:
777 3831 854 3919 (941
862 3830 907 3918 Α)
930 3834 1047 3920 ἠπόρει
1070 3835 1154 3921 πρὸς
1172 3835 1209 3900 τὸ
1232 3835 1342 3912 πάθος
1365 3836 1385 3919 ὴ
1408 3849 1476 3901 τῶν

168 3932 291 4015 ἰατρῶν
304 3928 440 4018 “lvii-¹)
454 3928 509 3994 καὶ
521 3930 585 4014 ὴδη
602 3930 769 4014 ἡμιθανὴς
781 3929 829 3996 ὧν
845 3933 1107 4017 παρεκελεύσατο
1122 3943 1192 4009 τοῖς
1205 3935 1341 4010 οἰκείοις
1359 3932 1476 4019 φέρειν

167 4028 271 4092 αὐτὸν
294 4029 341 4104 είς
363 4029 423 4093 τὸν
445 4028 621 4112 εύκτὴριον
645 4023 738 4093 οἷκον
757 4029 1010 4115 ίσχυρισάμενος
1033 4029 1054 4112 ὴ
1073 4030 1195 4095 αὐτόθι
1214 4030 1475 4115 ἀποθανεῖσθαι,

168 4125 188 4208 ὴ
212 4133 270 4208 τὴς
299 4128 402 4190 νόσου
430 4125 732 4209 ἀπαλλαγήσεσθαι.
762 4125 901 4214 κειμίνφ
935 4123 972 4191 δὲ
1002 4127 1126 4192 ἐνθάδε
1152 4128 1307 4216 νύκτωρ
1336 4129 1474 4214 ἐπιφα-

166 4235 280 4288 νεῖσα
302 4225 381 4288 θεία
405 4224 547 4308 δύναμις
569 4222 747 4310 προσέταξε
766 4225 805 4289 τά
825 4223 1005 4308 ἐσθιόμενα
1023 4228 1144 4308 πόματι
1162 4228 1302 4308 βάπτειν
1325 4228 1474 4314 τοιούτφ,

167 4320 185 4385 ὃ
201 4321 368 4386 σύνθετον
383 4320 418 4385 ἐκ
437 4321 595 4405 μέλιτος
608 4320 663 4386 καὶ
683 4329 797 4387 οίνου
815 4320 870 4386 καὶ
889 4321 1084 4408 πεπέρεως
1108 4323 1385 4407 ἀναμιγνυμένοιν
1408 4326 1474 4408 ἅμα

166 4419 227 4501 τὴν
245 4418 452 4501 κατασκευὴν
466 4421 540 4503 ἔχει.
560 4419 577 4483 δ
593 4420 633 4502 δὴ
653 4429 711 4503 τὴς
733 4423 837 4485 νόσου
857 4419 1020 4504 ἀπὴλλαξε
1039 4422 1097 4486 τὸν
1113 4423 1308 4508 ἀνθρωπον·
1328 4426 1474 4504 καίτοιγε

168 4671 178 4724 l
258 4595 284 4663 1)
302 4593 363 4648 Hoc
381 4593 555 4648 multimodis
574 4593 714 4648 variatum
732 4612 822 4665 paene
847 4595 970 4651 omnium
997 4596 1174 4652 curationum
1196 4595 1369 4650 mirabilium
1391 4597 1473 4651 initio

180 4672 226 4743 egi
244 4676 347 4743 potest.

220 4772 364 4827 Deubner,
379 4774 407 4814 de
421 4775 575 4816 incubatione.
1244 4773 1259 4821 5
