3294 5190
669 334 710 386 De
729 333 843 387 somniis
863 333 974 390 divinis.
1431 336 1471 399 II

238 493 273 548 τὸ
293 502 361 563 φῶς
385 494 412 549 οἱ
434 495 513 549 θεολ
537 491 778 563 ἐκφαίνονται,
806 492 858 548 ὅσα
880 513 909 548 τε
933 491 1059 563 λέγουσιν
1078 493 1213 549 ἀκούουσι
1232 496 1280 549 καί
1299 492 1351 549 ὅσα
1370 497 1472 563 δρῶσιν

236 572 311 629 ίσασι
329 578 597 643 παρακολουθοῦσαι
621 573 718 627 lambl.
742 573 760 627 l.
780 591 802 627 c.
845 575 886 627 De
914 574 1068 643 Trophonii
1097 575 1223 630 oraculo:
1256 572 1418 646 ἀναβλέψας
1441 574 1472 629 δὲ

237 653 289 723 τὴν
304 652 353 722 μὲν
368 663 420 725 γῆν
439 655 565 723 οόδαμού
584 658 723 722 καθορᾶν,
738 653 841 722 νήσους
854 652 885 708 δέ
904 652 1123 723 λαμπομένας
1141 658 1275 727 μαλακῷ
1298 653 1381 729 πυρί
1398 655 1472 712 Plut.

235 734 270 788 de
293 752 355 804 gen.
380 735 454 788 Socr.
479 741 512 788 22
531 754 558 804 p.
574 739 625 789 690
641 733 669 788 0.
706 733 748 787 De
775 734 931 789 Ptolemaei
958 733 1078 789 somnio:
1116 736 1215 802 „simul
1243 736 1343 792 υιέιιιιι,
1359 737 1473 789 eundem

235 817 358 870 ιἰιοοκιτνι
387 817 419 869 ιἰι
447 817 551 870 coelam
578 815 656 884 ιήκτ
678 815 829 883 plurimo
856 816 965 870 attone*
1007 814 1072 868 Tac.
1096 813 1168 868 Hist.
1192 815 1231 867 IV
1250 819 1292 868 83.
1334 814 1420 868 Plura
1443 814 1473 868 in

234 893 367 949 Aristidis
391 894 565 949 orationibus
588 893 779 950 inveniuntur:
813 892 923 964 ἐφάνη
947 893 978 948 δὲ
1005 896 1053 948 καὶ
1072 895 1086 949 δ
1108 893 1280 962 Τελεσφόρος
1298 895 1471 962 νύκτωρ...

235 976 282 1028 καὶ
302 972 500 1044 ἀπέλαμπεν
525 975 611 1047 ἐντῷ
630 975 800 1042 καταντικρύ
817 972 901 1047 τοίχῳ
922 973 1019 1037 σέλας
1038 973 1128 1042 όόσπερ
1144 975 1172 1039 ἐξ
1191 972 1271 1043 ἡλίου
1288 974 1471 1040 Π419,1οΚ.

235 1053 343 1123 ἐγένετο
362 1055 394 1109 δὲ
409 1057 456 1110 καὶ
471 1064 540 1124 φῶς
558 1053 635 1123 παρὰ
649 1063 697 1123 τῆς
706 1051 810 1116 Ἴσιδος
828 1055 876 1108 καὶ
891 1053 970 1122 ἐτερα
984 1054 1118 1123 ἀμύθητα
1137 1051 1260 1123 φέροντα
1280 1054 1319 1116 είς
1333 1051 1472 1123 σωτηρίαν

239 1140 352 1200 424,16.
378 1135 463 1206 ὤφθη
482 1135 514 1189 τδ
533 1133 597 1196 ἕδος
615 1134 684 1206 (scil.
703 1133 924 1204 Aesculapii)...
943 1136 1023 1203 πυρὶ
1048 1132 1265 1202 λαμπόμενον
1288 1134 1377 1205 κύκλῳ
1400 1132 1473 1203 πλὴν

235 1223 291 1269 τῶν
305 1219 434 1283 κεφαλῶν
449 1221 510 1282 438,
521 1221 563 1269 26.
583 1210 802 1283 ἐπιστρέψαντος
817 1213 849 1269 δέ
867 1231 920 1283 μου
939 1215 975 1276 ὡς
993 1215 1064 1282 πρὸς
1081 1214 1132 1283 τὴν
1152 1211 1352 1282 dupondiis...
1377 1214 1472 1285 διῇξεν

236 1293 332 1357 σέλας
348 1295 378 1349 ἐκ
392 1296 485 1360 δεξιᾶς
503 1296 552 1349 καλ
566 1292 741 1365 κατέσκηψεν
760 1293 831 1349 ούτῳ
851 1294 887 1362 δή
900 1315 928 1348 τι
946 1293 1013 1362 παρ’
1031 1292 1119 1355 αύτάς
1138 1293 1226 1362 όίκρας
1245 1314 1298 1363 μου
1315 1293 1366 1357 τάς
1384 1292 1473 1363 κόμας

236 1374 303 1429 ὥστε
323 1375 484 1443 ἐθαύμαζον
503 1376 528 1429 εἰ
547 1374 583 1445 μὴ
602 1374 724 1444 ἡμμένοι
744 1370 800 1430 εἷεν
819 1380 933 1442 466,12.
954 1375 995 1429 De
1013 1373 1194 1443 Aesculapio:
1214 1382 1251 1428 τῶ
1274 1373 1345 1443 τύγα
1363 1372 1472 1428 ποστεί-

235 1473 312 1524 χοντι
331 1455 506 1525 συνάντησας
530 1456 580 1509 σὺν
600 1453 725 1509 ὅπλοισιν
744 1452 960 1524 λαμπόμενος
984 1454 1117 1525 χρυσέοις,
1133 1451 1276 1507 Ἀσκλαπιέ
1294 1453 1369 1523 Isyll.
1390 1459 1423 1508 63
1431 1473 1471 1523 sq.

236 1535 269 1588 cf.
288 1535 437 1604 Hippolyti
456 1535 549 1590 Refut.
569 1535 675 1590 haeres.
705 1534 743 1588 IV
758 1541 791 1588 33
806 1555 832 1604 p.
848 1541 891 1604 96,
907 1541 986 1603 73ερ.
1024 1535 1163 1603 Duncker,
1182 1534 1232 1588 ubi
1251 1533 1434 1603 Aesculapius
1455 1550 1472 1587 a

234 1615 325 1684 magis
345 1615 449 1669 citatus
469 1614 601 1685 φαίνεται
619 1614 691 1669 κατὰ
710 1623 759 1669 τοῦ
779 1613 903 1684 ἐδάφους
917 1617 1082 1685 πυρώδης.
1110 1615 1284 1669 Aresthanas
1298 1617 1403 1684 pastor,
1422 1613 1471 1683 qui

235 1695 435 1764 Aesculapium
449 1695 480 1749 in
494 1695 602 1750 Titthio
616 1696 711 1751 monte
725 1697 824 1749 natum
833 1695 951 1763 invenit,
964 1695 1141 1765 ἀστραπὴν
1156 1691 1231 1750 είδεν
1246 1693 1472 1765 ἐκλάμψασαν

235 1774 290 1828 ἀπό
314 1784 364 1829 τοῦ
388 1774 522 1846 παιδόςῑ)
551 1776 585 1830 cf.
605 1775 677 1829 Acta
696 1775 815 1845 apostol.
843 1776 894 1828 XII
912 1783 940 1830 7:
964 1775 1013 1829 καλ
1036 1775 1099 1829 ἰδού
1119 1775 1233 1844 ἄγγελος
1255 1773 1354 1843 κυρίου
1374 1774 1471 1845 ἐπέστη

235 1860 272 1927 τῷ
293 1854 387 1927 Πέτρῳ
406 1857 455 1910 καλ
474 1865 543 1924 φῶς
562 1854 759 1925 ἐπέλαμψεν
778 1860 815 1928 τῷ
845 1854 982 1924 οἰκήματι.
1020 1855 1068 1909 Ev.
1087 1855 1153 1910 Luc.
1178 1854 1266 1908 XXIV
1281 1861 1310 1910 4:
1335 1855 1384 1909 καί
1407 1855 1471 1910 ἰδοῦ

237 1935 338 2002 ἀνδρες
356 1935 407 1989 δύο
428 1933 581 2006 ἐπέστησαν
601 1937 699 1998 αύταῑς
713 1938 762 2005 (sc.
782 1933 921 2005 γυναιξίν)
937 1935 967 1990 ἐν
982 1934 1081 2004 ἐσθῆτι
1099 1935 1348 2008 ἀστραπτούσῃ.
1377 1935 1470 1990 Timo·

234 2015 357 2069 leontem
376 2015 406 2068 in
420 2015 534 2069 ltaliam
551 2016 774 2085 proficiscentem
792 2015 841 2068 lux
860 2014 980 2085 mystica
998 2014 1029 2069 iu
1047 2014 1120 2069 mari
1138 2015 1318 2085 prosequitur
1337 2031 1354 2067 a
1374 2014 1470 2070 Cerere

233 2097 262 2150 et
280 2094 351 2149 Cora
369 2095 464 2165 missa,
485 2096 559 2151 Plut.
579 2095 678 2150 Timol.
699 2102 724 2150 8.

165 2230 214 2294 De
240 2231 297 2295 deo
327 2236 502 2315 apparente
530 2233 596 2297 fere
624 2231 795 2298 adhibetur
818 2256 881 2298 vox
912 2232 1129 2318 ἐφίστασθαι,
1160 2254 1241 2316 quae
1269 2232 1389 2315 optime
1422 2254 1472 2297 su-

167 2328 273 2393 bitum
297 2329 449 2412 exprimit
471 2329 652 2394 adventum.

235 2449 382 2519 ἐφίσταται
406 2451 441 2506 de
464 2452 619 2507 Protesilao
644 2454 775 2509 Philostr.
795 2453 903 2508 Heroic.
924 2459 975 2508 679
994 2471 1021 2522 p.
1037 2458 1096 2522 148,
1118 2458 1150 2506 18
1169 2434 1267 2522 Rapa,
1287 2452 1322 2505 de
1340 2452 1472 2521 Apolline

235 2529 346 2600 Orpheo
366 2531 522 2586 adsistente
536 2532 574 2588 id.
604 2533 636 2589 V.
652 2535 744 2604 Apoll.
764 2535 803 2588 IV
819 2541 851 2588 14
870 2553 896 2603 p.
914 2539 979 2601 134,
1000 2539 1014 2586 1
1033 2533 1066 2586 X.
1104 2530 1269 2601 ἐφίστανται
1287 2532 1322 2585 de
1341 2533 1472 2602 nymphis

233 2612 346 2682 Longus
366 2611 492 2681 Daphnis
511 2616 540 2667 et
559 2613 644 2668 Chloe
662 2615 688 2668 Π
702 2622 745 2684 23,
761 2622 774 2669 1
794 2633 821 2684 p.
837 2620 897 2683 274,
908 2619 942 2667 29
960 2613 1098 2680 Hercher3
1116 2612 1154 2667 ib.
1169 2612 1207 2666 ΠΙ
1227 2618 1269 2682 27,
1285 2619 1300 2666 2
1315 2632 1342 2682 p.
1353 2618 1413 2681 299,
1429 2619 1471 2666 22.

235 2689 422 2761 ἐφισταμένην
442 2693 477 2746 de
495 2693 569 2747 Iside
587 2694 701 2750 Diodor.
720 2696 793 2765 125,
809 2701 838 2762 6,
862 2695 898 2749 de
916 2693 1066 2748 Hemithea
1084 2693 1122 2746 id.
1142 2693 1168 2747 V
1181 2699 1228 2762 63,
1244 2700 1267 2748 2.
1306 2692 1419 2763 ἐπέστης
1438 2695 1472 2748 de

234 2773 311 2826 Pane
338 2771 441 2826 Xaibel
469 2772 519 2843 Hp.
547 2772 592 2829 Gr.
625 2781 690 2844 802,
711 2782 734 2829 5.
764 2773 862 2846 ἐπέστη
890 2775 924 2828 de
951 2774 1051 2844 angelo
1080 2772 1205 2843 Domini,
1234 2773 1283 2841 qui
1310 2773 1472 2843 pastoribus

235 2851 376 2906 Christum
394 2856 493 2907 uatum
513 2871 573 2909 esse
590 2855 705 2909 nuntiat
722 2855 855 2926 Evangel.
871 2857 936 2908 Luc.
955 2854 981 2907 ΙΙ
996 2860 1024 2922 9,
1045 2854 1079 2907 de
1094 2854 1207 2922 eodem,
1226 2853 1275 2921 qui
1293 2854 1376 2908 Petro
1395 2853 1472 2908 visus

237 2932 328 2986 estin
347 2932 460 2986 vincula
479 2933 605 2989 coniecto
624 2936 685 2990 Act.
706 2939 795 3005 apost.
815 2936 867 2989 XII
883 2940 906 2989 7.
940 2931 1093 3004 ἐπέστησαν
1112 2934 1147 2987 de
1166 2933 1275 2987 duobus
1293 2933 1361 2987 viris
1379 2936 1472 2988 vestes

235 3011 376 3080 fulgentes
399 3011 521 3082 indutis,
544 3013 593 3082 qui
615 3015 780 3069 mulieribus
804 3016 834 3069 in
858 3013 962 3070 Christi
982 3017 1173 3083 apparuerunt
1191 3014 1317 3083 sepulcro
1337 3014 1386 3067 Ev.
1406 3015 1472 3067 Luc.

235 3090 325 3144 XXIV
344 3098 369 3146 4.
407 3091 520 3154 ἐπιστάς
543 3094 577 3147 de
601 3094 770 3165 Aesculapio
794 3095 859 3149 iam.
883 3095 965 3164 Epid.
984 3112 1025 3147 nr.
1045 3099 1142 3162 61,12
1161 3111 1188 3161 p.
1205 3099 1255 3146 118
1275 3094 1363 3148 Baun.
1381 3112 1423 3150 nr.
1438 3098 1471 3146 69

234 3170 272 3223 IV
287 3176 328 3224 37.
352 3170 391 3223 VI
405 3176 447 3225 58.
473 3172 533 3226 Ael.
548 3173 651 3242 Aposp.
673 3180 724 3227 100
747 3174 878 3230 Hercher.
903 3173 1033 3227 Philostr.
1058 3172 1091 3227 V.
1111 3172 1202 3241 Apoll.
1222 3173 1264 3226 Ι9
1284 3191 1310 3241 p.
1327 3179 1351 3242 8,
1372 3179 1413 3229 15.
1433 3173 1471 3230 ib.

235 3250 296 3302 110
314 3269 340 3319 p.
356 3256 385 3319 9,
401 3256 447 3317 23,
467 3250 502 3304 de
520 3250 675 3306 Protesilao
694 3252 732 3306 id.
752 3253 861 3309 Heroic.
882 3259 933 3308 676
952 3271 979 3321 p.
996 3258 1055 3320 143,
1072 3259 1118 3320 14,
1138 3252 1173 3305 de
1191 3251 1343 3307 Palamede
1361 3251 1399 3307 ib.
1420 3259 1471 3307 585

235 3347 263 3397 p.
279 3335 339 3397 154,
355 3334 382 3396 7,
414 3329 449 3383 de
467 3329 570 3386 Aiante
589 3331 627 3386 ib.
648 3338 700 3386 684
718 3352 744 3403 p.
762 3338 820 3401 153,
836 3339 865 3401 9,
885 3334 919 3387 de
944 3333 1002 3386 Deo
1026 3334 1110 3387 noctu
1129 3330 1218 3386 Paulo
1238 3335 1391 3401 apparente
1410 3333 1471 3388 Act.

235 3411 323 3478 apost.
344 3408 434 3462 XXIII
454 3416 495 3464 11.
529 3410 691 3476 ἐπιστάντος
710 3413 744 3467 de
763 3412 932 3483 Aesculapio
951 3411 1082 3466 Philostr.
1102 3430 1125 3466 v.
1146 3412 1229 3481 Soph.
1249 3412 1309 3466 126
1328 3432 1355 3482 p.
1370 3419 1413 3482 46,
1430 3419 1471 3469 19.

235 3488 378 3544 ἐπιστάυτι
401 3489 436 3543 de
460 3490 591 3559 Apolline
615 3492 750 3547 Artemid.
775 3491 867 3548 Onoir.
891 3494 917 3545 H
932 3498 965 3547 70
984 3511 1011 3562 p.
1029 3498 1112 3559 158,5
1131 3491 1231 3546 Herch.
1265 3491 1417 3547 ἐπιστάντα
1436 3494 1471 3547 de

234 3568 394 3638 Trophonio
419 3569 550 3625 Philostr.
570 3571 602 3625 V.
618 3572 710 3642 Apoll.
730 3573 794 3626 VIlI
814 3579 846 3626 19
865 3592 891 3643 p.
908 3579 967 3642 336,
983 3580 1012 3638 4,
1037 3572 1072 3625 de
1091 3572 1189 3641 Mopso
1208 3572 1282 3627 Plut.
1303 3573 1337 3627 de
1356 3573 1410 3626 def.
1431 3590 1468 3627 or.

234 3655 267 3703 45
286 3668 313 3718 p.
333 3654 386 3703 434
399 3649 435 3718 Ε,
455 3650 490 3703 de
514 3651 650 3720 Sarapide
673 3652 746 3707 Plut.
765 3653 843 3708 Alex.
865 3659 911 3723 73,
931 3654 966 3707 de
990 3651 1089 3707 Xerxis
1118 3652 1226 3706 somnio
1245 3653 1347 3707 Herod.
1363 3652 1414 3706 VH
1429 3660 1470 3708 12,

234 3728 368 3783 ἐπιστᾶσα
387 3729 422 3783 de
436 3730 603 3801 Proserpina
617 3732 699 3788 Paus.
713 3733 752 3786 IX
767 3739 809 3803 23,
825 3741 848 3789 3.
873 3733 940 3804 όψις
954 3732 1122 3802 λνδάλματος
1140 3733 1217 3801 ἱεροῦ
1231 3732 1291 3788 Ael.
1306 3733 1471 3802 Apospasm.

235 3814 286 3864 106
305 3810 338 3864 Η.
376 3809 492 3866 ἐπιστάν
511 3812 546 3865 de
565 3812 673 3868 somnio
692 3813 822 3884 (ὄνειρον,
842 3813 923 3883 όναρ)
941 3815 1042 3870 Herod.
1063 3813 1115 3867 VH
1130 3819 1170 3869 14.
1191 3813 1342 3869 AristidH
1356 3819 1417 3884 447,
1429 3821 1470 3870 34.

165 3935 226 3999 Dei
249 3941 405 4020 apparent
428 3960 534 4004 comes
558 3961 595 4004 ac
617 3940 744 4025 placidi.

238 4058 319 4125 „deus
343 4058 548 4130 (Aesculapius)
576 4063 607 4115 ι’κ
633 4063 736 4117 somnis
763 4065 852 4132 opifer
879 4064 1022 4118 consistere
1044 4065 1134 4118 οιόιιε.
1152 4108 1156 4118 .
1174 4108 1178 4118 .
1199 4071 1224 4118 et
1243 4065 1384 4132 placido
1405 4066 1472 4119 tales

235 4138 351 4192 ονιιλλτντ
374 4146 480 4206 pectore
507 4145 598 4196 τοιού*
623 4141 672 4196 Ov.
697 4145 761 4196 met.
786 4142 837 4196 XV
856 4148 907 4196 853
918 4161 977 4212 sqq.
1015 4144 1048 4198 cf.
1074 4142 1144 4198 Stat.
1165 4143 1229 4198 Silv.
1249 4144 1287 4197 Ill
1308 4151 1333 4212 4,
1354 4150 1388 4197 23
1400 4163 1469 4213 sqq,

255 4317 280 4384 1)
299 4314 381 4370 Paus.
401 4315 484 4383 1126,
499 4323 523 4371 5.
558 4318 676 4372 Omnino
695 4318 773 4372 locus
792 4318 841 4372 ille
864 4319 985 4375 maxime
1008 4321 1211 4377 memorabilis:
1239 4320 1312 4377 ούτυ
1336 4321 1385 4376 τὸν
1401 4320 1471 4390 Ἀρε-

166 4392 280 4449 σθάναν
303 4393 331 4456 ἐς
353 4402 411 4449 πᾶν
430 4397 518 4463 φασὶν
537 4398 722 4466 ἀφικνεῖσθαι
745 4399 891 4469 ζητήσεως,
915 4399 1033 4468 εὑρόντα
1056 4402 1087 4456 δὲ
1112 4402 1284 4472 ἐπιθυμῆσαι
1307 4402 1357 4457 τόν
1380 4404 1471 4456 παῖδα

165 4472 325 4541 ἀνελέσθαι,
348 4474 397 4527 καλ
419 4476 456 4537 ὡς
479 4475 560 4545 ἐγγύς
583 4477 697 4547 ἐγίνετο,
721 4479 866 4549 ἀστραπὴν
890 4476 965 4534 εἶδεν
991 4479 1174 4552 ἐκλάμψασαν
1199 4482 1256 4536 ἀπὸ
1282 4490 1331 4536 τοῦ
1361 4480 1471 4551 παιδός,

165 4551 320 4623 νομίσαντα
343 4552 375 4608 δὲ
399 4550 472 4608 εἶναι
490 4554 574 4611 θεῖόν
591 4577 632 4626 τι,
655 4558 745 4627 ὥσπερ
764 4554 807 4628 ἦν,
828 4559 1051 4629 ἀποτραπέσθαι.
1080 4561 1146 4616 ὁδὲ
1166 4561 1266 4617 αύτίκα
1286 4562 1332 4615 ἐπλ
1351 4571 1403 4632 γῆν
1423 4564 1471 4617 καλ

165 4633 312 4688 θάλασσαν
330 4641 424 4688 πᾶσαν
443 4633 586 4704 ἠγγέλλετο
605 4636 641 4691 τά
655 4658 683 4693 τε
702 4639 771 4693 άλλα
790 4638 880 4694 ὁπόσα
899 4642 1025 4711 βούλοιτο
1041 4641 1177 4711 εὑρίσκειν
1193 4642 1238 4696 ἐπὶ
1252 4651 1311 4704 τοῖς
1324 4641 1470 4713 κάμνουσι,

165 4713 213 4767 καλ
231 4711 275 4768 ότι
292 4711 419 4784 ἀνίστησι
437 4716 503 4778 τοὺς
520 4720 684 4781 τεθνεῶτας.
722 4720 786 4775 Non
803 4724 884 4789 potes
902 4739 960 4783 nou
978 4722 1013 4777 ‹le
1032 4722 1142 4779 Christo
1161 4725 1229 4778 nato
1249 4722 1381 4792 cogitare.
1432 4749 1434 4768 ε
