3294 5190
166 325 192 387 9,
203 324 299 388 2-10‚
310 325 345 373 20
723 318 909 389 Therapontis
1405 321 1468 384 125

167 496 300 568 πρᾶγμα
324 485 490 565 λεγόντων
514 481 531 546 6
555 491 615 546 τοῦ
639 481 737 564 ἁγίου
760 484 967 568 θεραπευτῆς
993 480 1048 548 καὶ
1076 493 1143 548 τῶν
1170 484 1338 561 λειψάνων
1365 507 1469 569 φρου-

164 583 221 666 ρὸς
245 579 297 645 ἐπὶ
321 583 381 664 τῆν
403 580 489 645 θέαν
516 589 576 645 τοῦ
604 583 748 663 κιβωτοῦ
775 591 843 644 τῶν
866 581 1034 658 λειψάνων
1062 578 1219 664 ἐπείγετο,
1300 578 1355 644 καὶ
1383 581 1469 645 οὕτω
1507 571 1510 578 ’

165 680 299 762 φθάσας
327 678 455 761 ἐγγίσαι
483 678 630 761 μεγάλην
653 678 771 762 φωνὴν
798 677 1050 764 ἀναρρήγνυσιν
1122 676 1166 762 [‘6
1182 678 1287 761 άγιος’
1304 677 1471 762 ἐπειπών].

164 777 200 841 ολ
221 773 257 841 δὲ
277 777 523 861 συνδραμόντες
542 775 586 851 ὡς
604 775 641 839 τὸ
662 775 748 850 εἰκὸς
773 776 847 840 ῖδον
869 773 979 859 θέαμα
1028 785 1096 840 τῶν
1115 773 1293 860 ὁρωμένων
1316 774 1495 842 άπάντωντ

165 876 353 959 θειότερον·
444 873 553 960 μύρον
576 874 639 957 γάρ
669 871 719 937 ότι
747 878 903 938 πλεῖστον
931 872 967 938 ἐκ
994 883 1062 937 τῶν
1085 873 1254 951 λειψάνων
1280 867 1471 960 κρουνηδὸν

166 970 359 1055 ἀναβλύσαν
387 970 526 1048 εὐωδίας
554 971 664 1052 πηγῆν
691 971 728 1034 τὸ
756 979 813 1053 τῆς
841 970 980 1047 ὁλκάδος
1010 973 1130 1047 άντλος
1159 969 1344 1054 ἀνέδειξεν,
1429 974 1473 1049 ὥς

165 1094 258 1145 τινας
281 1074 456 1134 κατελθεῖν
478 1066 533 1132 καὶ
557 1077 616 1133 τοῦ
639 1068 749 1153 μύρου
772 1068 924 1132 κάτωθεν
948 1067 985 1133 ἐν
1012 1069 1158 1145 ὑελίνοις
1181 1070 1333 1134 σκεύεσιν
1356 1068 1472 1154 άνιμῆ-

166 1175 298 1233 σασθαι.
389 1173 491 1230 ταῦτα
522 1164 539 1229 6
569 1176 637 1230 τῶν
666 1168 866 1248 θαυμασίων
897 1168 996 1249 Θεός,
1026 1175 1129 1231 ταῦτα
1162 1168 1198 1231 οί
1224 1168 1346 1232 τούτου
1375 1168 1474 1254 θερά-

168 1285 305 1347 ποντες,
396 1262 436 1327 οὑ
468 1271 531 1346 γῆν
562 1261 751 1345 ἁγιάζοντες
778 1266 894 1346 μόνον,
923 1262 1083 1329 ἀλλὰκαὶ
1107 1264 1199 1350 ὑδωρ
1223 1262 1278 1329 καὶ
1306 1265 1365 1329 τὸν
1393 1264 1473 1352 άέρα
1483 1291 1510 1330 10

166 1372 234 1438 τοῖς
257 1363 375 1445 μύροις
398 1370 455 1443 τῆς
477 1361 619 1444 χάριτος.

255 1453 281 1523 ὦ
311 1458 489 1545 μαρτύρων
517 1453 702 1543 θεοπρεπὲς
732 1457 930 1544 άγαλλίαμα·
1012 1459 1133 1545 (μύρον
1156 1456 1342 1525 ἐκκενωθὲν
1365 1462 1470 1545 όνομα
1480 1476 1519 1530 10

166 1557 274 1640 ὑμῶν’
298 1557 354 1621 διά
377 1564 476 1620 τοῦτο
499 1554 585 1639 ὑμᾶς
609 1555 653 1631 ὡς
681 1552 820 1632 ἑαυτοὺς
848 1555 1090 1641 ἐφελκύσωμεν,
1176 1556 1281 1622 ὀπίσω
1308 1557 1404 1642 ὑμῶν
1427 1560 1474 1635 είς

170 1654 275 1737 ὀσμῆν
297 1654 407 1740 μύρου
427 1653 658 1739 δραμούμεθα’
706 1653 755 1737 [oc
776 1658 922 1738 Χριστοῦ
945 1654 1117 1739 μαθηταί].
1140 1654 1236 1740 ὑμεῖς
1253 1656 1293 1719 τά
1313 1652 1474 1742 ίεράμενα

168 1755 240 1839 Θεῷ
263 1749 318 1816 καί
341 1752 520 1835 τιμιώτατα
544 1749 670 1835 σφάγια
714 1760 773 1836 τῆ
796 1762 837 1838 γῆ
861 1755 922 1836 τῆν
944 1756 1040 1818 κόνιν
1063 1752 1158 1838 ὑμῶν
1181 1750 1235 1817 καὶ
1260 1752 1393 1842 οὐρανῷ
1416 1755 1474 1830 τὰς

164 1851 273 1933 ψυχάς
296 1847 498 1932 άπενείματε.
566 1849 660 1932 ὑμεῖς
683 1853 816 1935 Χριστῷ
834 1851 1152 1934 μυσταγωγηθέυτες
1171 1848 1225 1914 καὶ
1244 1850 1497 1927 τελειωθέντεςε

165 1946 202 2011 ἐν
226 1947 338 2030 αἵματι
393 1942 477 2031 ὑπὲρ
497 1949 636 2033 χρυσίον
655 1944 896 2031 ἐδοκιμάσθητε
950 1946 1005 2012 καὶ
1023 1945 1107 2031 ὑπὲρ
1127 1949 1224 2030 ῆλιον
1243 1946 1452 2033 ε’ξελάμψατε,

169 2053 240 2127 φῶς
264 2041 343 2127 ἡμῖν
367 2045 501 2108 άνωθεν
523 2044 644 2130 νοερὸν
672 2043 968 2129 άπαστράπτουτες.
1048 2045 1144 2130 ὑμεῖς
1171 2044 1225 2110 καὶ
1254 2047 1301 2122 είς
1329 2046 1476 2131 οὐρανὸν

169 2140 380 2219 ἐναυλίζεσθε
449 2139 503 2205 καὶ
527 2142 589 2223 τῆν
611 2150 675 2224 γῆν
697 2148 902 2228 περιπολεῖτε
926 2154 995 2220 τοῖς
1018 2143 1199 2227 θαύμασιν.
1268 2141 1341 2208 ἀλλ’
1366 2140 1392 2209 ὦ
1418 2169 1475 2229 μοι

169 2239 331 2323 Θεράπων
349 2239 386 2303 τὸ
405 2240 605 2323 τιμιώτατον
647 2238 720 2323 ἐμοὶ
743 2238 798 2304 καί
820 2254 954 2325 πρᾶγμα
978 2239 1032 2305 καὶ
1056 2243 1172 2325 όνομα,
1223 2240 1241 2306 6
1265 2243 1326 2324 τῆν
1350 2241 1476 2307 ἐπωνυ-

169 2340 250 2421 μίαν
273 2341 356 2424 ἔργῷ
379 2335 511 2413 τελέσας
539 2334 594 2401 καί
621 2344 812 2422 ψευσθῆναι
840 2340 884 2423 μῆ
913 2340 1129 2424 συγχωρήσας
1157 2341 1235 2415 τοὺς
1263 2338 1299 2404 ἐν
1327 2338 1410 2425 άρχῆ
1439 2356 1475 2404 σε
1484 2368 1511 2407 ιο

166 2444 265 2500 τοῦτο
290 2433 503 2510 καλέσαντας·
577 2428 603 2498 ὦ
627 2458 683 2519 μοι
707 2438 913 2521 συγχορευτά
935 2448 1003 2500 τῶν
1025 2436 1177 2520 ἀγγέλων
1198 2434 1254 2501 καὶ
1277 2442 1395 2502 πολῖτα
1418 2446 1476 2520 τῆς

167 2534 236 2597 άνω
261 2535 493 2619 μητροπόλεως
510 2531 741 2616 Ἰερουσαλήμ,
770 2533 899 2598 ἐκεῖθεν
923 2533 1146 2618 ἐπισκόπησον
1168 2535 1252 2619 ῆμάς
1274 2532 1329 2599 καὶ
1353 2543 1475 2618 στῆσον

168 2632 229 2713 τῆν
252 2628 331 2695 καθ’
357 2629 451 2714 ὑμῶν
471 2629 609 2713 άπειλῆυ
627 2641 695 2694 τῶν
714 2631 894 2717 βαρβάρων
911 2633 1053 2717 θραύων
1071 2634 1111 2698 τά
1131 2634 1316 2720 φράγματα.
1373 2634 1475 2698 πάλαι

165 2723 227 2812 μὲν
251 2730 366 2812 ῆλγεις
387 2724 471 2812 ὑπὲρ
497 2731 643 2814 Χριστοῦ
666 2740 856 2815 μαρτυρῶν,
878 2732 1024 2814 άλγησον
1047 2729 1102 2796 καὶ
1130 2741 1194 2796 νῦν
1222 2727 1305 2817 ὑπέρ
1330 2748 1475 2818 χριστια-

166 2836 236 2892 νῦν
258 2824 581 2913 ταλαιπωρουμένων
603 2829 772 2891 κυκλόθεν
793 2837 863 2904 τοῖς
886 2830 1018 2913 ἐθνεσι,
1087 2834 1216 2913 μάλλον
1239 2825 1276 2893 δέ
1300 2830 1510 2913 συμπάθη-ιε
1594 2907 1597 2912 ,

166 2939 227 2988 σου
260 2922 314 2989 καὶ
347 2921 488 3000 σώσειας
516 2927 617 2989 πόλιν
649 2927 696 3001 είς
725 2925 769 3008 ἣν
798 2924 1008 3010 ἐνεδῆμησας.
1083 2927 1225 3014 ὕστερον
1255 2928 1318 3011 γάρ
1350 2927 1473 2992 ἐνθάδε

165 3023 453 3105 καθορμισάμενος
525 3020 579 3086 καὶ
604 3020 738 3087 τουτονὶ
762 3023 821 3087 τὸν
845 3032 902 3106 τῆς
927 3027 1093 3089 Θεοτόκου
1116 3026 1201 3090 νεὼν
1226 3023 1437 3108 ἐκλεξάμενος

167 3119 328 3202 [παρῆκας
346 3120 387 3182 τά
401 3120 485 3183 άλλα
503 3119 621 3202 πάντα,
639 3128 704 3184 νῦν
728 3115 779 3203 δέ]
803 3120 898 3204 πάρει
917 3118 972 3184 καί
991 3125 1160 3206 γνωρίζεις
1173 3121 1253 3205 ῆμῖν
1277 3119 1396 3187 ἑαυτὸν
1420 3122 1473 3206 ἐμ-

167 3215 382 3300 φανέστερον,
441 3214 484 3280 δι’
518 3207 567 3279 ὧν
590 3215 734 3303 ἐνεργεῖς
761 3216 836 3281 καθ’
870 3216 996 3304 ἡμέραν
1026 3219 1087 3302 τῆν
1116 3218 1311 3284 ἐπιστασίαν
1337 3222 1474 3285 πιστού-

165 3337 273 3398 μενος.
331 3314 446 3399 καιρὸς
463 3316 581 3378 τοίνυν
604 3312 672 3379 ἐστὶ
695 3312 750 3379 καὶ
768 3313 844 3401 περὶ
862 3315 922 3380 τὸν
946 3320 1091 3400 λειμῶνα
1114 3327 1181 3382 τῶν
1205 3309 1271 3381 ὧδε
1288 3319 1510 3402 θαυμάτωνεο

165 3563 340 3623 κατελθεῖν
367 3554 420 3621 ἐπὶ
450 3556 487 3620 τὸ
515 3561 634 3621 πλοῖον
660 3554 715 3622 καὶ
738 3556 931 3642 άρύσασθαί
957 3581 1050 3634 τινας
1073 3559 1120 3634 είς
1142 3556 1258 3622 ὑέλινα
1285 3559 1385 3641 σκεύη
1409 3567 1581 3627 τοῦωει-ιο

166 3656 270 3721 αὐτοῦ
299 3658 398 3720 θείου
428 3655 547 3740 μύρου.
577 3659 712 3720 πολλῶν
741 3651 778 3720 δὲ
809 3653 929 3720 ίάσεων
963 3657 1045 3721 κατά
1077 3656 1255 3721 θάλασσαν
1285 3654 1511 3740 γενομένωνιε

167 3754 322 3836 ἐφθασαν
350 3750 406 3818 καί
438 3752 475 3817 ἐν
502 3762 541 3837 τῆ
569 3753 793 3839 βασιλευούση
825 3756 928 3818 πόλει.
978 3750 1143 3819 ιἰποτεθέν
1167 3750 1203 3819 δέ
1231 3753 1335 3818 ε’κεῖσε
1362 3755 1400 3819 τὸ
1428 3757 1475 3819 τί-

167 3874 246 3933 μιον
268 3852 428 3926 λείψανον
450 3858 511 3915 τοῦ
541 3849 640 3933 ἁγίου
669 3849 906 3936 ίερομάρτυρος
936 3851 1146 3935 Θεράποντος
1173 3853 1292 3936 άπειρα
1318 3853 1475 3936 θαύματα

168 3946 262 4032 με’χρι
292 3956 350 4031 τῆς
377 3951 522 4032 σῆμερον
549 3949 606 4012 διδι
636 3956 694 4031 τῆς
723 3948 845 4013 τούτου
875 3951 1050 4035 πρεσβείας
1081 3960 1151 4026 τοῖς
1177 3951 1286 4013 πίστει
1313 3949 1472 4036 προστρέ-

167 4061 285 4129 χουσιν
306 4043 328 4128 ῆ
351 4043 406 4110 καὶ
430 4044 703 4130 ἐπικαλουμένοις
730 4045 833 4110 αὑτὸν
859 4051 1033 4112 τελοῦνται
1062 4045 1199 4129 άενάως,
1222 4049 1270 4122 είς
1294 4044 1395 4124 δόξαν
1418 4045 1473 4112 καλ

168 4146 307 4209 ἐπαινον
331 4146 419 4207 Θεοῦ
442 4153 501 4208 τοῦ
526 4141 577 4208 ἀεὶ
600 4140 821 4227 δοξαζομένον
845 4143 881 4208 ἐν
904 4154 974 4220 τοῖς
996 4144 1105 4227 ἁγίοις
1128 4144 1241 4209 αὑτοῦ.
1483 4164 1511 4203 ιο

257 4376 282 4440 9,
297 4374 313 4424 8
333 4371 458 4428 σκεύεσιν
476 4369 596 4434 ὑελίνοις
613 4372 638 4425 Α
652 4375 661 4443 ΙΙ
675 4377 718 4441 10,
734 4377 747 4425 1
769 4372 802 4426 cf.
818 4370 896 4427 Cant.
914 4378 938 4441 1,
953 4377 969 4425 3
986 4375 990 4442 Ι
1007 4379 1023 4426 2
1041 4373 1148 4442 ῆμῖιςΑ
1164 4375 1168 4446 ψ
1187 4379 1219 4427 13
1237 4370 1273 4427 τδι
1292 4374 1358 4426 εοῖο
1371 4372 1473 4445 τῦνΑΙ

169 4457 201 4506 17
221 4451 474 4522 καθορμησάμενος
491 4452 537 4524 ΑΙ
560 4457 592 4506 18
611 4461 740 4524 παρῆσας
758 4452 782 4505 Α
803 4455 807 4523 Ι
828 4458 863 4506 20
885 4452 952 4506 inde
976 4470 993 4506 α
1015 4472 1039 4507 v.
1059 4454 1157 4522 καιρὸς
1184 4470 1279 4506 rursus
1302 4451 1413 4506 accedit
1431 4452 1473 4526 Μῆ

166 4531 264 4590 τοίνυν
283 4533 309 4586 Α
336 4532 368 4587 δὲ
386 4533 416 4585 Μ
432 4534 436 4605 ψ
453 4533 594 4603 αγαπητοί
613 4535 679 4586 ante
697 4534 746 4588 καὶ
765 4533 829 4587 αδδ.
849 4533 879 4586 Μ
895 4535 899 4602 Ι
915 4526 969 4587 ὦδε
987 4533 1013 4586 Α
1041 4533 1072 4589 ἐν
1090 4530 1297 4589 κωνσταντίνον
1315 4534 1395 4586 πολει
1413 4533 1444 4586 Μ

274 4727 308 4777 34
327 4743 405 4786 τινας
424 4740 492 4777 corr.
512 4687 720 4775 Radermacher
739 4719 842 4775 collato
862 4725 918 4792 9,8
937 4721 995 4777 πάν
1015 4722 1075 4779 cod.
1092 4725 1096 4794 λ
1113 4727 1147 4776 39
1167 4721 1292 4785 ἀεννάοις
1310 4720 1370 4779 cod.
