3294 5190
624 313 666 367 De
684 313 867 368 incubatione
887 314 1049 368 christiana.
1445 315 1486 378 87

178 479 274 562 μόλις
302 479 349 553 είς
376 479 576 562 τούδαφος
599 475 695 542 ἔκειτ’
727 477 854 561 ὀδύνην
882 479 1068 562 οίμώζουσα
1091 479 1143 561 20,
1158 478 1243 541 3481
1256 475 1295 542 Α.
1325 477 1344 560 ή
1367 475 1406 543 ’δέ
1426 531 1432 542 .
1453 530 1486 543 ..

178 583 217 660 τῆ
241 584 422 660 στρωμνῇ
446 585 506 640 τοῦ
530 575 652 661 ἀνδρὸς
676 574 922 658 ἀτενίζουσα6,
937 574 1066 640 2433Β,
1099 584 1156 658 τῆς
1184 585 1387 661 στρωμνῆς
1415 575 1486 641 ἀνι-

178 674 338 756 στάμενος
354 673 404 755 18,
419 671 553 737 3477Α,
577 671 726 759 ἐγερθεὶς
749 675 806 757 τῆς
830 683 1032 759 στρωμνῆς
1056 673 1097 737 ib.
1117 673 1181 738 ἀπὸ
1200 681 1257 756 τῆς
1281 683 1486 759 στρωμνῆς

177 770 395 855 ἀνιστάμενος
428 771 479 855 23,
495 770 581 835 3488
593 771 631 835 D.
686 779 744 853 τῆς
781 780 984 856 στρωμνῆς
1021 770 1164 847 ἀναστάς
1201 770 1243 835 ib.
1277 769 1396 836 ἑαυτὸν
1432 771 1485 856 ἐμ-

176 869 290 951 βαλὼν
310 920 316 933 .
336 920 343 932 .
363 921 369 933 .
389 870 588 954 στρώμασι
608 920 614 932 .
635 921 641 934 .
662 921 668 933 .
692 868 873 952 ἀφύπνωσε
897 869 948 952 36,
964 867 1049 933 3557
1061 867 1099 933 A.
1124 866 1177 933 ἐπὶ
1200 878 1258 952 τῆς
1281 879 1485 954 στρωμνῆς

176 965 194 1030 ὁ
214 965 371 1050 Ἰωάννης
395 966 576 1032 ἐκάθευδεν
599 967 651 1050 37,
666 965 751 1030 3561
765 965 798 1031 C.
822 965 931 1033 ύπνου
950 963 987 1031 δέ
1005 964 1060 1031 καὶ
1080 967 1318 1052 στρωμάτων
1342 967 1484 1044 ἀναστάς

175 1064 233 1148 42,
253 1062 340 1127 3585
351 1063 389 1128 D.
430 1064 590 1148 φανέντες
620 1067 683 1148 γάρ
717 1064 806 1151 αύτῷ
836 1063 911 1128 καθ’
946 1064 1074 1141 ὕπνους
1102 1062 1157 1128 καὶ
1188 1066 1405 1150 στρωμνάς,
1436 1066 1484 1141 ώς

178 1162 370 1227 εἰώθασιν
392 1162 445 1248 43,
459 1160 546 1226 3588
557 1163 595 1226 D.
625 1161 785 1226 ἐκάθευδε
809 1160 956 1246 Πιαμώθ
980 1160 1032 1226 ἐπὶ
1056 1163 1261 1246 στρώματα
1284 1162 1336 1246 49,
1351 1162 1483 1227 36051).

175 1259 357 1325 ἐκάθευδεν
376 1258 412 1325 δέ
431 1259 484 1326 ἐπὶ
503 1271 560 1345 τῆς
584 1269 788 1346 στρωμνῆς
811 1259 829 1324 ὁ
853 1261 1008 1337 διάκονος
1022 1259 1074 1342 61,
1089 1258 1218 1324 36376.
1243 1260 1402 1344 φανέντες
1420 1264 1482 1347 γάρ

175 1358 264 1443 αὐτῷ
289 1410 295 1422 .
321 1409 327 1422 .
351 1408 358 1422 .
382 1357 435 1423 ἐπὶ
461 1371 528 1423 τών
556 1360 758 1444 στρωμάτων
784 1358 985 1423 καθεύδοντι
1014 1356 1065 1440 65,
1080 1357 1166 1422 3648
1177 1357 1216 1422 Ι).
1255 1358 1397 1435 ἀναστάς
1419 1360 1482 1444 γάρ

174 1455 249 1539 μεθ’
277 1454 386 1520 ύπνον
408 1465 468 1520 τοῦ
493 1458 721 1542 στρώματος
745 1456 796 1540 69,
811 1456 899 1519 3664
909 1453 947 1519 Α.
971 1455 1030 1533 νὺξ
1055 1451 1107 1539 ῆν,
1130 1453 1185 1519 καλ
1209 1458 1410 1540 Σωφρύνιος
1428 1455 1482 1520 ἐπὶ

174 1565 241 1617 τῶν
255 1552 492 1638 στρωμάτων
507 1553 667 1619 ἐκάθευδε
686 1552 869 1640 70,3669Α.
898 1565 1049 1639 στρῶσις,
1064 1556 1235 1638 στρωμναί
1252 1553 1303 1636 67,
1312 1553 1440 1618 3653Β.
1448 1553 1480 1618 O.

176 1689 217 1696 -
243 1648 378 1714 Anticus
403 1652 437 1715 in
460 1652 530 1736 ipsa
552 1656 638 1716 terra
661 1653 832 1721 incubandi
855 1652 936 1715 ritus
959 1652 1123 1735 perlucere
1150 1651 1231 1715 mihi
1261 1652 1388 1716 videtur
1411 1653 1480 1716 mir.

174 1749 230 1830 24,
249 1749 388 1813 3492Β;
426 1751 514 1814 dives
552 1752 668 1815 mulier
703 1754 799 1833 atque
835 1773 957 1834 pauper
993 1751 1104 1814 eodem
1141 1755 1285 1834 tempore
1324 1753 1480 1832 martyres

174 1848 306 1931 adeunt,
328 1847 348 1930 η
372 1844 433 1932 μὲν
456 1850 519 1933 χάρ
543 1850 602 1913 τὸν
626 1851 727 1931 ὄγκον
754 1849 814 1912 οὐκ
842 1847 1056 1931 ἀποβαλοῦσα
1084 1849 1143 1912 τὸν
1170 1849 1310 1933 μάταιον
1335 1900 1340 1912 .
1365 1900 1371 1912 .
1397 1899 1403 1912 .
1427 1846 1480 1912 ἐπὶ

172 1949 287 2027 κλίνης
310 1947 373 2030 πρὸ
397 1955 457 2010 τοῦ
487 1948 654 2030 μνήματος
683 1949 798 2010 ἔκειτο·
826 1946 846 2028 ἡ
876 1942 913 2009 δέ
941 1945 1001 2023 ἐξω
1029 1947 1093 2031 πρὸ
1122 1954 1181 2010 τοῦ
1209 1951 1363 2023 πυλῶνος
1392 1946 1480 2030 ἐκβέ-

172 2046 273 2126 βλῆτο
299 2094 304 2106 .
330 2095 335 2107 .
361 2095 367 2107 .
392 2044 427 2108 οί
448 2040 484 2108 δὲ
507 2044 670 2129 μάρτυρες
694 2050 773 2120 ίσως
796 2042 997 2130 ἀμφοτέραις
1016 2042 1204 2127 ἐφαίνοντο.
1241 2044 1384 2108 Divitem
1403 2069 1478 2110 vero

172 2141 363 2204 adlocuntur
386 2141 447 2205 hoc
471 2141 580 2206 modo:
604 2145 638 2206 τί
658 2146 876 2225 κατείληφας.
894 2194 901 2206 .
916 2142 976 2206 τὸν
999 2143 1102 2225 σηκὸν
1124 2143 1184 2207 τὸν
1201 2139 1375 2228 ἡμέτερον;
1399 2142 1478 2208 ἀπο-

173 2243 346 2322 κριθείσης
370 2236 421 2322 δὲ,
450 2240 495 2315 ώς
522 2240 636 2322 ὑγείας
662 2252 775 2323 τυχεῖν
803 2239 1015 2324 ἐπιθυμοῦσα
1042 2237 1097 2304 καὶ
1126 2240 1272 2325 ῥώσεως,
1301 2242 1332 2304 εί
1357 2239 1478 2325 θέλεις,

173 2340 288 2420 φασίν,
312 2346 414 2402 ταῦτα
438 2338 521 2423 πρὸς
544 2338 638 2421 ἡμῶν
661 2338 743 2422 άπερ
768 2333 861 2414 εἶπας
883 2341 1101 2421 κομίσασθαι,
1129 2337 1300 2420 ἀποβαλοῦ
1329 2355 1391 2403 σου
1419 2341 1478 2405 τὸν

171 2436 338 2521 κράβατον
360 2433 415 2498 καὶ
439 2437 495 2511 είς
518 2437 718 2518 τούδαφος
746 2435 983 2518 ἀνακλίθητι
1008 2488 1014 2500 .
1038 2487 1045 2500 .
1070 2488 1076 2500 .
1100 2433 1154 2499 καὶ
1185 2444 1224 2520 τῆ
1251 2432 1313 2519 μὲν
1339 2439 1478 2520 ήρκεσεν

171 2532 191 2615 ἡ
215 2536 468 2617 χαμαικοιτιά
490 2533 574 2619 πρὸς
597 2535 711 2598 ἀκεσιν
735 2585 741 2597 .
766 2585 772 2597 .
797 2586 803 2597 .
828 2535 893 2618 άμα
916 2533 1022 2620 χάρή
1051 2535 1110 2598 τὸν
1140 2535 1277 2620 θώρακα
1305 2535 1477 2619 πάσχουσα

170 2627 273 2716 (dives
298 2628 367 2716 illa)
392 2630 453 2695 ἐπὶ
481 2640 549 2715 γῆς
577 2630 769 2715 ἀνεκλίθη
798 2637 941 2696 λιποῦσα
963 2633 1023 2696 τὸν
1049 2632 1230 2717 κράβατον,
1257 2642 1317 2697 τοῦ
1344 2632 1477 2710 πάθους

170 2727 366 2812 ἀπήλλακτο.

258 2825 308 2890 Ne
343 2826 544 2891 delectabilia
573 2828 690 2911 desint,
721 2829 918 2892 curationem
946 2829 1113 2893 adnectam
1142 2827 1228 2893 Gesii
1260 2830 1388 2913 medici,
1421 2833 1476 2913 qui

174 2947 366 3008 quamquam
391 2926 532 2989 deridere
557 2927 681 2991 solebat
704 2931 840 3010 sanctos,
863 2931 972 2991 tamen
998 2927 1110 2990 morbo
1139 2927 1271 2992 affectus
1298 2932 1476 3012 martyrum

170 3024 327 3107 templum
357 3023 549 3108 adgreditur.
596 3025 658 3088 Ter
688 3027 716 3088 ei
748 3029 902 3108 apparent
926 3025 1027 3088 sancti
1054 3025 1200 3110 neglecto
1228 3025 1368 3089 remedio
1397 3028 1477 3090 indi-

172 3125 257 3203 cato,
280 3121 407 3184 tertiam
432 3121 569 3203 denique
591 3126 666 3205 post
688 3126 816 3185 noctem
840 3123 963 3184 iussum
988 3123 1173 3204 exsequitur
1190 3126 1286 3204 atque
1309 3124 1347 3186 τὸ
1367 3134 1475 3208 σάχμα

172 3216 227 3303 (sc.
238 3216 334 3304 ὄνου)
349 3269 355 3282 .
371 3270 377 3281 .
391 3217 438 3282 ἐπ’
454 3217 633 3302 ώμουςκαὶ
648 3229 756 3283 νώτου
771 3219 933 3303 ἀράμενος
946 3217 1009 3282 κάν
1023 3227 1069 3305 τῷ
1088 3220 1238 3306 τραχήλῳ
1258 3218 1401 3304 φορέσας
1415 3223 1474 3286 τὸν

169 3316 308 3380 κώδωνα
326 3315 381 3380 καὶ
404 3316 463 3380 τὸν
482 3317 620 3400 χαλινὸν
644 3315 755 3392 ἐνθεὶς
777 3325 816 3401 τῆ
834 3322 961 3401 κεφαλῆ
986 3314 1041 3381 καὶ
1064 3326 1110 3402 τῷ
1130 3319 1266 3399 στόματι
1280 3327 1340 3382 τοῦ
1355 3320 1474 3395 παιδὸς

169 3415 312 3479 ὄπισθεν
344 3415 453 3479 εἵπετο
487 3413 551 3479 ἀνά
580 3414 617 3478 τὸ
648 3413 782 3498 τέμενος
812 3416 951 3496 ἀγοντος
980 3413 1043 3478 κάν
1074 3415 1180 3500 τούτφ
1208 3417 1286 3491 τοὺς
1314 3416 1474 3493 διαύλους

168 3512 330 3589 ἀνύοντος
354 3509 447 3598 (δέκα
471 3508 507 3576 δὲ
529 3506 624 3595 ἦσαν,
649 3512 693 3588 ώς
716 3529 820 3595 φασιν
848 3512 884 3576 οί
907 3509 1155 3598 μετρήσαντες),
1183 3513 1220 3577 τὸ
1250 3513 1371 3599 (μωρός
1394 3516 1473 3599 εἰμι’

167 3611 295 3695 κράζων
306 3613 490 3694 συχνότατα
500 3610 551 3693 30,
562 3609 694 3675 35204.
712 3610 784 3674 Ηοο
793 3610 849 3673 ubi
859 3614 1064 3694 praeceptum
1075 3611 1266 3695 observavit,
1276 3616 1405 3676 sanatus
1416 3617 1472 3677 est.

255 3707 314 3772 Nil
336 3707 536 3773 adiciendum
560 3730 630 3772 esse
647 3713 806 3792 putamus.
843 3706 986 3793 Apparet
1006 3707 1125 3792 Cyrum
1149 3713 1180 3772 et
1203 3708 1355 3774 loannem
1378 3710 1472 3794 plane

167 3806 278 3869 eodem
309 3806 404 3870 modo
435 3829 498 3889 quo
528 3805 676 3871 Cosmum
705 3811 736 3870 et
767 3806 961 3870 Damianum
991 3829 1049 3890 per
1080 3807 1317 3872 incubationem
1346 3830 1472 3873 curasse

166 3907 323 3988 aegrotos.
356 3902 540 3988 Aesculapii
554 3905 672 3968 iamata
686 3904 739 3968 hio
758 3926 884 3987 quoque
900 3905 1026 3988 saepius
1041 3905 1102 3967 tibi
1116 3906 1246 3970 veniant
1265 3906 1299 3970 in
1318 3910 1472 3994 mentem,

166 4006 361 4085 quantopere
383 4001 437 4066 hic
460 4003 630 4067 incubandi
654 4024 731 4066 usus
751 4024 823 4065 cum
846 4006 990 4066 veterum
1013 4002 1157 4066 moribus
1181 4009 1345 4089 congruat,
1368 4005 1472 4070 elucet

165 4099 324 4182 imprimis
344 4101 449 4163 emir.
469 4100 521 4182 27,
535 4098 675 4164 3500A:
699 4103 802 4181 χνοῦς
821 4096 857 4163 δὲ
880 4101 1005 4175 πάντας
1025 4099 1069 4175 ώς
1088 4097 1189 4165 οὐδὲν
1206 4103 1288 4187 πρὸς
1305 4103 1342 4167 τὸ
1362 4105 1472 4181 πάθος

166 4198 341 4280 ἰσχύουσιν
370 4194 425 4260 καὶ
455 4196 623 4279 ἀπογνοὺς
652 4199 688 4262 τὸ
720 4195 776 4261 ὑπ’
809 4197 919 4261 αὐτῶν
953 4203 1159 4282 λυτροῦσθαι
1186 4198 1241 4264 καλ
1274 4198 1470 4288 σώζεσθαι1)

255 4460 280 4528 1)
309 4460 342 4514 cf.
367 4479 393 4529 p.
418 4464 493 4527 70,5.
540 4460 562 4512 Ε
595 4459 659 4529 Cyri
695 4461 864 4530 Ioannisque
896 4461 1039 4516 miraculis
1072 4480 1123 4533 pro
1155 4463 1253 4516 multis
1286 4463 1469 4518 exscribimus

165 4546 208 4609 42,
225 4540 341 4595 3584D:
361 4539 451 4610 λέγειν
471 4539 502 4594 δὲ
520 4539 605 4594 πάλιν
623 4540 671 4594 καλ
690 4541 736 4594 ἐπὶ
754 4543 922 4597 τούτου·τοῦ
941 4541 1096 4612 νοσήματος
1118 4553 1174 4598 τῶν
1193 4543 1296 4612 ἰατρῶν
1313 4543 1365 4612 τῆν
1383 4541 1468 4598 ἀσθέ-

166 4637 245 4674 νειαν
264 4621 301 4683 ὡς
318 4628 405 4675 πᾶσιν
424 4615 511 4676 οὖσαν
530 4619 701 4675 εὐσύνοπτον
719 4622 938 4691 παραιτήσομαι·
958 4622 1027 4694 δήλη
1047 4623 1099 4694 χάρ
1119 4622 1189 4693 αῦτη
1209 4621 1396 4693 καθέστηκεν,
1414 4621 1469 4680 κάν

164 4699 244 4768 ἡμεῖς
261 4700 448 4770 σιωπήσωμεν.
