3294 5190
230 305 272 367 10
816 306 906 375 Caput
923 307 943 360 Ι.

229 467 297 532 eius
321 469 594 553 commisceretur3
617 470 726 553 itaque
754 469 925 533 credebant
953 469 1056 553 ipsam
1084 474 1224 535 statuam
1252 472 1428 536 vaticinari.
1477 472 1533 536 Sic

227 567 260 629 in
280 566 478 630 schol.Pers.
498 570 556 630 sat.
575 565 668 631 1156
691 566 842 651 legimus:
865 568 990 652 „Acron
1019 570 1115 634 trurlit
1136 571 1218 650 qnod
1238 571 1274 634 ia
1289 572 1414 651 portico
1436 592 1532 651 quoii-

226 667 300 730 dori
323 664 483 746 Apollinis
506 664 652 729 Palatini
676 666 796 747 fuerint
818 665 847 728 L
869 665 1057 731 Danaidum
1079 668 1205 749 effipies
1229 673 1381 731 utcontra
1399 688 1452 732 eos
1473 669 1532 731 sill>

226 764 296 826 ilioo
319 763 443 827 totirlm
470 767 618 842 equestres
644 762 782 845 liliorum
808 762 949 845 Aepypti.
977 784 1014 827 eo
1040 764 1082 827 iis
1110 769 1212 829 autera
1239 766 1351 829 stotois
1378 766 1532 846 quaedum

226 861 404 925 dicebantur
430 860 658 941 postelloutilns
683 881 750 942 μοι
783 880 949 925 somnam
983 861 1072 924 olore
1105 861 1287 927 orooalof‘
1338 860 1376 925 In
1406 861 1531 926 Troade

226 957 414 1021 divinabant
438 960 563 1020 statuae
586 955 747 1040 Neryllini
772 955 993 1043 (χρηματίζειν
1011 956 1066 1022 καὶ
1089 961 1205 1023 ἰᾶσθαι
1229 969 1413 1037 νοσοῦντας
1435 965 1529 1045 νομί-

228 1059 312 1132 ζεται
326 1053 551 1138 Athenagoras
567 1054 759 1139 supplicatio
773 1077 832 1139 pro
852 1055 1036 1119 christianis
1056 1056 1098 1119 26
1119 1055 1211 1140 Oorp.
1230 1057 1400 1142 Apologet.
1420 1057 1529 1121 christ.

231 1174 310 1215 saec.
330 1150 363 1215 ΙΙ
381 1155 403 1216 1.
422 1150 486 1216 VII
504 1175 534 1236 p.
552 1150 629 1239 140)
654 1157 686 1217 et
708 1152 816 1217 Protei
842 1153 908 1217 siue
931 1152 1096 1238 Peregrini
1127 1151 1158 1239 (ὁ
1182 1150 1243 1238 μέν
1265 1153 1321 1219 καὶ
1350 1155 1448 1231 αὐτὸς
1473 1159 1528 1235 [sc.

226 1248 364 1333 ύνόριύς
396 1258 456 1314 τοῦ
489 1249 666 1336 Πρωτέως]
690 1249 817 1333 λέγεται
839 1254 1048 1335 χρηματίζειν
1075 1251 1131 1336 ib.;
1155 1252 1193 1314 cf.
1218 1251 1315 1316 schol.
1340 1253 1373 1315 in
1396 1257 1462 1317 not.
1488 1254 1529 1316 12

226 1369 256 1430 p.
279 1346 355 1410 141:
378 1355 499 1412 τοῦτον
521 1347 609 1430 λέγει
632 1347 773 1433 Πρωτέα
795 1346 869 1433 περὶ
894 1342 934 1412 οὗ
963 1350 1151 1427 Λουκιανὸς
1178 1351 1314 1435 γράφει,
1343 1349 1382 1414 ὃν
1406 1350 1530 1427 ἐκεῖνος

226 1443 281 1509 καὶ
305 1449 513 1531 Περεγρῖνον
534 1442 652 1533 καλεῖ).

317 1541 380 1606 Sed
402 1542 480 1606 haec
503 1543 537 1606 in
560 1543 707 1608 transitu.
753 1541 950 1608 Accedamus
975 1544 1111 1628 denique
1134 1545 1205 1628 ipsa
1234 1545 1370 1631 somnia,
1399 1545 1436 1608 de
1461 1547 1528 1629 qui-

226 1640 287 1703 bus
317 1640 472 1704 nonnulla
503 1641 598 1705 liceat
631 1664 828 1725 componere.
878 1641 949 1705 Hoc
977 1642 1106 1725 quidem
1138 1664 1267 1707 monere
1299 1665 1364 1706 non
1391 1648 1529 1726 praeter·
1609 1706 1617 1718 ,

225 1738 377 1822 miserim,
396 1759 468 1801 cum
483 1739 608 1802 somnia
621 1739 655 1802 in
671 1740 802 1803 deorum
825 1739 954 1822 templis
978 1739 1063 1803 facta
1086 1762 1104 1802 a
1128 1740 1260 1803 somniis
1281 1740 1367 1805 domi
1386 1740 1436 1804 vel
1451 1739 1527 1803 alibi

225 1834 344 1899 oblatis
368 1858 402 1899 re
425 1836 496 1918 ipsa
518 1836 671 1900 nimirum
694 1837 901 1901 nullomodo
925 1837 1087 1924 differant,
1115 1837 1153 1902 de
1176 1838 1227 1903 his
1255 1838 1320 1903 illis
1348 1838 1528 1921 promiscue

224 1954 283 1996 nos
308 1955 402 2017 agere
425 1956 532 2020 posse3
555 1957 701 1999 necnon
730 1934 768 1999 de
795 1935 974 1999 visionibus
1003 1935 1053 1998 die
1081 1935 1175 2000 factis
1202 1937 1358 2000 nonnulla
1385 1936 1527 1999 affluent.

311 2028 509 2096 lamblichus
533 2032 571 2096 de
596 2033 759 2117 mysteriis
778 2031 866 2096 1112
889 2032 976 2096 haud
998 2054 1100 2116 pauca
1123 2055 1160 2096 ea
1183 2033 1222 2098 dc
1250 2056 1284 2097 re
1308 2032 1428 2113 attulit,
1451 2056 1529 2116 quc-

224 2126 320 2192 modo
349 2130 474 2193 somnia
501 2130 655 2194 divinitus
684 2131 782 2194 missa
810 2153 829 2193 a
859 2131 992 2195 somniis
1021 2130 1171 2195 humanis
1199 2129 1438 2218 (ἀνθρώπινοι)
1467 2131 1529 2194 dis-

224 2230 404 2313 cernantur,
428 2228 619 2312 quibuscum
643 2250 707 2292 non
731 2228 928 2312 discordant,
956 2250 1037 2312 quac
1059 2228 1137 2291 alibi
1160 2228 1199 2292 de
1227 2228 1364 2314 singulis
1395 2229 1528 2292 somniis

223 2324 396 2389 tradrmtur
418 2326 469 2390 uel
493 2327 531 2391 de
554 2327 594 2391 iis
618 2326 723 2412 rebus,
747 2349 827 2410 quae
850 2327 935 2390 inter
958 2325 1175 2390 incubandum
1204 2326 1350 2391 solebant
1378 2326 1527 2390 accidere.

223 2463 410 2533 Audiuntur
433 2489 535 2533 voces.

294 2586 409 2644 ἀκούειν
439 2588 554 2658 πάρεστι’
583 2612 659 2654 τινος
686 2601 799 2662 φωνῆς
829 2588 966 2658 συντόμου
991 2591 1056 2658 περὶ
1080 2599 1135 2644 τῶν
1161 2588 1306 2658 πρακτέων
1331 2588 1528 2659 ὑφηγουμένης

294 2668 392 2722 Iambl.
417 2668 434 2722 1.
455 2686 477 2723 c.
516 2670 556 2724 De
570 2671 724 2740 Trophonii
742 2672 868 2726 oraculo:
900 2670 1011 2725 εἰπεῖν
1029 2689 1107 2725 τινα
1125 2669 1195 2739 πρὸς
1213 2670 1300 2725 uicto
1319 2671 1369 2741 ούχ
1388 2670 1528 2738 ὁρώμενον

294 2747 368 2802 Plut.
384 2748 418 2802 de
432 2766 494 2819 gen.
515 2749 589 2804 Socr.
605 2757 638 2804 22
654 2770 679 2821 p.
696 2757 746 2804 591
757 2752 789 2805 A.
818 2749 972 2820 ἀμφότεροι
986 2749 1017 2803 a
1026 2750 1114 2804 ταύτὰ
1128 2752 1191 2818 περὶ
1216 2759 1265 2820 τῆς
1283 2751 1393 2820 ὀμφῆς
1407 2749 1527 2818 ἔφραζον

294 2828 366 2881 Plut.
392 2828 461 2882 Sull.
483 2835 523 2884 17.
550 2832 592 2892 τ1ς
620 2831 668 2884 καὶ
696 2826 753 2885 εἶδε
786 2833 834 2885 καὶ
862 2831 943 2892 ἄλλος
965 2829 1110 2896 ἤκουσεν
1128 2830 1209 2884 Paus.
1235 2830 1329 2898 1Χ39,
1345 2836 1386 2884 11.
1423 2828 1527 2898 τὰμὲν

295 2907 371 2976 ἰθύν,
386 2906 466 2962 τὰδὲ
481 2909 630 2972 ἀκούσας
643 2911 716 2964 Max.
732 2911 796 2980 Tyr.
808 2910 872 2965 diss.
890 2915 931 2977 14,
947 2916 970 2964 2.
1000 2910 1033 2964 cf.
1050 2910 1123 2964 Plut.
1144 2910 1178 2963 de
1187 2927 1250 2980 gen.
1262 2911 1336 2964 Socr.
1348 2916 1380 2963 21
1396 2929 1422 2980 p.
1434 2916 1486 2963 590
1496 2912 1526 2964 B.

295 2987 336 3041 De
346 2987 503 3057 Pasiphaae
513 2990 639 3045 oraculo:
659 2991 777 3061 φωνὴν
787 2991 876 3045 lurae
892 2991 968 3058 ἱεροῦ
978 2989 1111 3060 γενέσθαι
1125 2989 1287 3059 φράζουσαν
1302 2990 1374 3044 Plut.
1391 2991 1492 3045 Cleom.
1503 2997 1525 3043 7.

295 3067 335 3123 Dc
350 3067 506 3138 Sarapidis:
526 3071 574 3124 rui
594 3067 726 3140 γενέσθαι
741 3071 855 3140 φήμην
873 3069 950 3126 τινὰ
969 3071 999 3124 lu
1013 3079 1062 3124 τοῦ
1076 3074 1147 3125 θεοῦ
1162 3071 1265 3124 Arrian
1278 3071 1368 3124 Anab.
1383 3070 1434 3123 VII
1449 3077 1491 3138 26,
1502 3077 1525 3124 2.

293 3148 335 3202 De
357 3147 520 3219 Aesculapii
540 3150 679 3206 Adrottis:
703 3152 752 3206 rol
775 3150 827 3222 γὰρ
851 3151 938 3214 ὅντως
961 3151 1063 3205 ἀκοαὶ
1081 3148 1209 3220 λέγονταί
1229 3171 1284 3206 που
1305 3146 1378 3205 εἶναι
1396 3155 1434 3223 τῷ
1452 3149 1527 3223 τόπῳ

293 3227 419 3282 Marinus
433 3248 457 3283 v.
477 3229 568 3285 Procli
583 3249 605 3285 c.
621 3238 663 3286 32.
692 3231 726 3287 cf.
746 3249 780 3287 ex
794 3231 925 3286 Aristidis
940 3232 1115 3288 orationibus
1130 3231 1229 3286 sacris:
1250 3229 1357 3301 ἐγένετο
1373 3227 1405 3284 δέ
1418 3232 1527 3299 μοικαὶ

292 3309 398 3378 νύκτωρ
419 3311 513 3380 φιονῆ
532 3307 693 3380 λέγοντός
713 3332 772 3367 του
795 3315 849 3367 κτλ.
869 3313 1057 3379 11414,31K.
1073 3311 1196 3382 γίγνεται
1211 3312 1304 3380 φωνὴ
1324 3308 1363 3364 δι’
1385 3308 1528 3375 ὀνείρατος

292 3392 398 3453 427,14
412 3388 445 3443 Κ.
462 3389 502 3443 De
516 3390 606 3443 Fauni
625 3391 749 3446 oraculo:
770 3394 880 3459 „corios
894 3394 975 3447 uadit
991 3397 1101 3448 νοιιειι
1124 3392 1207 3461 Verg.
1222 3390 1289 3444 Aen.
1301 3390 1352 3442 VII
1362 3394 1403 3442 90.
1418 3390 1527 3454 „salita

292 3484 325 3520 ex
348 3469 403 3522 ulto
426 3485 488 3523 νου
510 3471 619 3525 redditu
638 3473 698 3527 luco
721 3477 775 3527 esl‘
794 3470 832 3526 ib.
849 3477 890 3527 95.
919 3472 953 3526 cf.
969 3473 1042 3527 Serv.
1057 3472 1126 3526 Aen.
1145 3471 1197 3524 VII
1216 3476 1257 3523 81.
1291 3469 1345 3523 Cic.
1365 3467 1490 3536 Nune,
1502 3474 1525 3520 6.

293 3546 365 3615 1116,
378 3552 418 3600 15.
438 3547 475 3602 id.
496 3549 531 3603 de
550 3549 603 3603 div.
623 3551 768 3620 145,1o1.

221 3669 311 3736 Aura
336 3696 469 3740 amoena
492 3678 640 3743 circumit
664 3679 864 3743 dormientes.

291 3804 339 3857 καὶ
359 3805 426 3860 ποτὲ
445 3808 494 3876 μὲν
509 3807 617 3877 ἀφανὲς
631 3809 680 3863 aul
694 3809 842 3877 ἀσώματον
856 3817 965 3876 πνεῦμα
978 3808 1098 3879 περιέχει
1112 3809 1207 3880 Ικύκλῳ
1221 3809 1287 3870 τούς
1300 3806 1524 3876 κατακειμένους,

292 3884 328 3945 ὡς
348 3882 446 3953 ὅρασιν
461 3886 512 3956 μὲν
531 3889 618 3943 αὐτοῦ
637 3888 674 3957 μῆ
693 3897 834 3957 παρεῖναι,
853 3888 903 3957 τὴν
922 3885 953 3941 dt
972 3887 1058 3958 ἄλλην
1077 3886 1264 3957 συναίσθησιν
1283 3889 1331 3941 καὶ
1350 3888 1525 3955 παρακολού-

286 3967 374 4033 θησιυ
384 3965 739 4037 ὑπύρχειν,ύοιζομένου
753 3987 781 4022 τε
790 3968 821 4022 έν
830 3973 867 4040 τῷ
878 3964 993 4022 εἰσιέναι
1000 3969 1048 4022 καὶ
1061 3967 1329 4039 περικεχυμένου
1343 3966 1526 4038 πανταχόθεν

291 4043 359 4098 ἄνευ
377 4045 453 4108 τινὸς
471 4046 590 4117 ἐπαφῆς,
608 4046 760 4116 θαυμαστοὶ
778 4067 807 4102 τε
826 4047 893 4118 ἔργα
911 4047 1136 4118 ἀπεργαζομένου
1154 4048 1224 4116 πρὸς
1238 4048 1402 4117 ἀπαλλαγὴν
1421 4052 1525 4102 παθῶν

294 4132 387 4195 ψυχῆς
409 4145 438 4180 τε
462 4128 509 4181 καλ
534 4129 665 4196 σώματος.
702 4127 800 4181 Iambl.
824 4127 842 4182 l.
868 4145 889 4181 c.
928 4127 969 4182 De
992 4128 1144 4198 trophonii
1167 4129 1292 4183 oraculo:
1322 4128 1416 4183 ἔπειτα
1439 4148 1524 4182 κατυ-

291 4205 385 4265 κούειν
404 4207 451 4274 (sc.
467 4208 562 4262 δοκεῖν
578 4206 642 4277 έφη)
657 4208 814 4276 ἀμαυρῶς
832 4204 948 4276 ῥοίζου
965 4208 1060 4271 τινὸς
1078 4207 1146 4276 ὑπὲρ
1166 4212 1288 4278 κεφαλῆς
1306 4211 1524 4277 περιελαυνο-

291 4281 393 4352 μένου
412 4285 651 4356 φωνῆνῆόεῖαν
669 4283 850 4349 1έντοςΡ1α1,
870 4288 905 4342 de
923 4304 985 4358 gen.
1006 4289 1080 4344 Socr.
1100 4294 1133 4341 22
1153 4307 1179 4358 p.
1195 4294 1247 4342 590
1262 4288 1289 4343 C.

219 4401 337 4487 Fulget
358 4405 495 4487 mystica
518 4405 583 4470 lux.

291 4525 386 4582 ἄλλοτε
405 4525 436 4580 dt
459 4526 569 4596 φωτὸς
592 4525 849 4598 ἐπιλάμψαντος
871 4533 1024 4598 λαμπροῦ
1047 4531 1095 4584 καὶ
1117 4527 1285 4600 ῆρεμαλου
1311 4527 1455 4598 κατέχεται
1473 4525 1524 4594 μὲν

290 4605 308 4675 ἡ
338 4616 395 4662 τῶν
417 4607 575 4678 ὀφθαλμῶν
599 4607 673 4678 ὄψις,
702 4609 818 4677 συμμύει
847 4628 889 4678 τε,
916 4609 1133 4680 ἀναπεπταμένη
1157 4607 1207 4679 μὲν
1226 4604 1296 4662 odon
1314 4605 1463 4675 andreaea·
1494 4607 1524 4660 ul

290 4683 317 4741 δ’
340 4685 420 4743 ἄλλοι
446 4687 593 4758 αἰσθήσεις
615 4687 826 4760 ὀιεγηνερμέναι
849 4689 1026 4761 τυγχάνουσι,
1051 4690 1099 4745 καλ
1127 4685 1366 4745 σνναισθύνονται
1392 4695 1450 4749 πῶς
1475 4687 1525 4748 εἰς
