3294 5190
564 320 605 373 De
624 319 804 373 incubatione
823 317 984 374 christiana.
1382 318 1425 380 99

209 484 330 549 Puteus
353 505 454 568 prope
477 482 648 566 templum:
673 483 803 568 ὥρμησε
832 478 893 566 μὲν
921 479 977 567 (so.
997 480 1113 545 mulier
1141 477 1286 566 aegrota)
1315 479 1372 544 ἐπί
1396 483 1431 545 τί

121 603 202 647 ποτε
230 592 298 647 τῶν
325 580 577 668 παρακειμένων
605 580 786 665 φρεάτων
813 578 923 642 mir.3
954 602 984 663 p.
1006 578 1077 642 142.
1128 577 1213 642 Fons
1242 601 1261 642 a
1287 582 1428 661 martyre

121 698 273 764 pecorum
297 679 484 763 pestilentia
511 681 623 742 exorta
650 681 794 761 paratur:
817 677 879 759 τὴν
905 677 968 759 γάρ
992 677 1035 760 μὴ
1060 671 1165 741 οὖσάν
1192 698 1270 741 ποτε
1302 677 1429 759 πηγην

120 781 200 862 μητε
223 778 313 864 παρά
335 801 426 852 τινος
444 775 538 860 ἡμῶν
560 774 580 858 ἢ
603 772 745 839 καὶτῶν
766 771 994 859 παλαιοτέρων
1012 773 1179 857 ὀφθεῖσαν
1198 773 1327 859 ἀθρόον
1350 773 1429 839 άνα-

121 876 242 959 βλύσαι
265 874 502 961 παρασκευάζει
526 923 533 937 .
557 923 564 936 .
589 924 595 936 .
621 871 658 937 ἐν
682 864 769 958 ᾧπερ
793 874 883 958 τόπφ
907 870 1008 937 πάλιν
1027 871 1128 955 αὐτῆς
1151 871 1221 936 ἐστι
1239 872 1276 935 τὸ
1296 869 1430 955 τέμενος

122 974 174 1053 21,
192 974 262 1038 196.
308 973 499 1037 Lavacrum:
523 972 606 1035 ὥστε
629 979 675 1056 τῷ
699 971 799 1052 αὐτῆς
822 971 1010 1056 χρησασθαι
1034 974 1188 1056 λουτρῷ
1212 971 1242 1052 9,
1258 967 1330 1033 156.

212 1068 417 1156 columbae1)
441 1068 586 1151 aliaeque
616 1089 690 1131 aves
718 1067 753 1130 in
781 1088 870 1131 sacro
898 1065 1035 1131 Theclae
1061 1066 1235 1131 habentur:
1262 1069 1370 1132 πολλά
1392 1092 1430 1149 γε

123 1170 164 1253 δη
188 1167 243 1234 καί
266 1172 401 1233 ποικίλα
423 1168 463 1231 τά
487 1168 663 1250 νεμόμενα·
687 1165 814 1249 κύκνοι,
837 1163 983 1250 γέρανοι,
1006 1173 1114 1248 χῆνες,
1136 1167 1343 1251 περιστεραί,
1365 1167 1429 1248 ἤδη

122 1263 159 1330 δέ
177 1264 232 1330 καὶ
251 1269 291 1331 τά
311 1266 343 1345 ἐξ
363 1266 539 1348 Αἰγύπτου
557 1261 611 1328 καὶ
638 1264 795 1346 Φάσιδος,
819 1261 839 1326 ά
860 1314 911 1327 ...
935 1261 1153 1327 ἀνατιθέασιν
1177 1263 1212 1327 oi
1232 1261 1431 1346 ἐπιδημοῦν-

121 1388 174 1441 τες
196 1373 235 1450 τῇ
259 1364 402 1450 μάρτυρι
426 1361 544 1448 8,152.

210 1459 356 1546 Apparet
379 1460 498 1525 Thecla
520 1482 577 1544 per
601 1479 762 1523 somnum:
786 1455 906 1543 Alypio
930 1462 1062 1543 aegroto
1090 1458 1145 1540 qui
1170 1457 1249 1522 adiit
1271 1457 1430 1542 templum

126 1559 416 1644 ἐπιφοιτήσασα
439 1558 590 1642 νύκτωρ
612 1609 617 1622 .
639 1608 644 1621 .
666 1608 672 1620 .
691 1557 797 1632 εὐθὺς
818 1557 926 1641 ἤρετο,
951 1557 1001 1621 ὄτι
1024 1579 1059 1621 τε
1081 1555 1201 1640 πάσχοι
1224 1562 1291 1621 κτλ.
1337 1556 1430 1640 Lapi-

123 1657 195 1721 dem
219 1656 248 1721 ei
267 1655 399 1741 praebet
417 1655 472 1721 καὶ
491 1658 539 1721 ἔτι
563 1651 624 1739 μέν
647 1664 691 1740 τῷ
716 1653 824 1741 ὕπνῳ
848 1658 1064 1739 κατεχόμενος
1088 1653 1195 1718 ἐδόκει
1219 1678 1253 1719 τε
1276 1657 1431 1739 ἐχειν...

124 1756 168 1832 ὡς
195 1751 233 1819 δέ
262 1753 317 1819 καί
348 1753 520 1838 ἀπηλλάγη
551 1749 613 1838 μὲν
642 1761 703 1817 τοῦ
730 1751 858 1816 ὕπνου
890 1803 895 1816 .
920 1801 927 1815 .
952 1804 958 1817 .
982 1752 1175 1834 ἠπατῆσθαί
1206 1774 1240 1817 τε
1263 1751 1354 1830 ἔδοξε
1376 1750 1432 1817 καὶ

125 1853 260 1936 άληθῶς
284 1848 369 1917 εἶναι
393 1854 488 1937 ὄναρ
518 1851 559 1916 τὸ
590 1851 685 1935 ὄναρ
714 1849 765 1933 24,
780 1849 846 1912 200
857 1870 902 1932 sq.
944 1849 964 1933 ἡ
992 1851 1211 1935 μάρτυς...
1240 1849 1432 1935 ἐφιστᾶσα

125 1951 279 2035 νύκτωρ
302 1948 356 2014 καλ
381 1947 546 2034 λαβομένη
570 1973 635 2033 μου
658 1956 718 2013 τοῦ
742 1947 844 2012 ὠτίου
867 1945 922 2011 καὶ
951 1949 1144 2012 διασείσασα
1172 1946 1226 2012 καλ
1254 1949 1301 2024 είς
1330 1950 1432 2034 ἰχῶρα

123 2051 253 2135 βραχὺν
276 2048 336 2113 τὸν
358 2049 466 2113 πάντα
489 2047 674 2111 διαλύσασα
697 2046 804 2110 πόνον
826 2045 879 2129 27,
894 2045 968 2110 210.

212 2144 336 2210 Iudicat
364 2145 506 2210 remedia
533 2168 590 2229 per
619 2165 780 2209 somnum:
810 2142 953 2220 ἀκούσας
986 2168 1021 2208 τε
1054 2143 1074 2208 δ
1103 2145 1154 2209 δεῖ
1181 2153 1316 2228 ποιῆσαι
1343 2145 1432 2230 παρὰ

123 2254 181 2328 τῆς
203 2245 370 2330 μάρτυρος
392 2241 447 2309 καί
469 2245 610 2326 ποιήσας
627 2240 682 2306 καλ
703 2240 903 2322 ἀπαλλαγείς
921 2251 981 2307 τοῦ
1000 2243 1186 2325 νοσήματος
1204 2247 1271 2308 κτλ.
1290 2239 1343 2328 25,
1358 2242 1431 2308 206.

213 2325 569 2426 ἐφίστασθαι”διόἰῖοεε
594 2338 711 2423 ἐπέστη
738 2339 788 2424 15,
805 2339 878 2403 176.
901 2338 1059 2404 ἐπιστᾶσα
1082 2339 1218 2404 ib.178.
1260 2339 1432 2424 ἐφίσταται

126 2440 176 2522 19,
193 2440 265 2504 190.
298 2442 380 2525 ὄναρ
403 2444 594 2524 κεφαλῆφιν
614 2437 731 2520 ἐπέστη
755 2434 810 2522 (ex
828 2435 938 2500 Iliadis
958 2433 1083 2524 11496)
1107 2437 1248 2521 20,192.
1272 2437 1433 2522 ἐφιστάσα

125 2537 177 2620 27,
191 2536 265 2600 210.

213 2634 338 2717 Martyr
365 2633 520 2717 relinquit
547 2637 679 2698 ventum
708 2655 838 2698 suavem
871 2632 925 2719 (cf.
949 2655 979 2716 p.
1001 2632 1071 2719 13):
1099 2631 1250 2715 κάπῆλθε
1277 2630 1433 2719 ζέφυρον,

128 2734 172 2809 ὡς
195 2734 311 2817 εἰπεῖν,
334 2731 417 2818 αὐτῇ
441 2735 546 2817 μόνον
565 2733 706 2818 λιγυρὸν
725 2730 908 2816 ἐμπνέοντα
926 2734 1159 2809 καταλείψασα.
1183 2729 1349 2813 διεγένετο
1373 2728 1434 2815 μὲν

126 2826 187 2896 οὖν
211 2881 218 2895 .
241 2881 249 2895 .
273 2879 280 2895 .
304 2829 386 2913 αὐτὴ
410 2833 495 2915 μόνη
520 2831 564 2906 ὡς
587 2830 625 2895 ἐν
647 2826 711 2916 ἦρι
736 2881 742 2894 .
767 2879 774 2894 .
798 2879 806 2893 .
829 2829 992 2912 διάγουσα
1016 2829 1134 2914 3,142.

215 2928 366 3012 Sequitur
389 2950 459 2992 eam
482 2926 603 3012 puella:
626 2925 917 3014 προσκαλεσαμένη
942 2923 979 2992 δέ
1002 2929 1106 3013 κόρην
1130 2928 1175 3003 ὡς
1198 2928 1239 2991 άν
1262 2923 1337 2991 τινα
1359 2949 1434 2992 παι-

125 3029 243 3111 δίσκην
257 3027 339 3112 αὐτῇ
359 3034 639 3112 παρομαρτοῦσαν
658 3028 744 3108 φησί
759 3029 826 3089 κτλ.
846 3024 964 3108 3,142.
1002 3025 1041 3089 cf.
1060 3022 1244 3108 Aesculapii
1267 3025 1433 3090 ministros

125 3130 157 3190 et
180 3123 340 3209 puerulos.

215 3221 390 3286 Dormiunt
412 3220 518 3284 humi:
541 3221 683 3295 νυκτὸς
712 3216 749 3283 δέ
777 3218 1073 3305 ἐπιλαβούσης.
1097 3268 1104 3282 .
1128 3268 1135 3282 .
1159 3220 1348 3305 διηπορεῖτο
1378 3218 1433 3306 (sc.

126 3317 294 3408 aegrota).
310 3369 317 3384 .
333 3317 409 3385 ,καὶ
431 3315 511 3383 ποτὲ
534 3315 595 3403 μέν
617 3319 699 3383 κατὰ
722 3319 762 3383 τά
789 3318 979 3402 χαμεύνια
1008 3317 1092 3382 αὐτὰ
1114 3314 1434 3403 περιεστρέφετο...

126 3416 205 3485 ποτέ
228 3415 266 3483 δέ
288 3417 343 3483 καί
367 3417 570 3500 άναπηδῶσα
593 3426 650 3500 τῆς
673 3419 784 3499 κοίτης
802 3420 869 3479 κτλ.
893 3415 1012 3501 3,142.

216 3524 361 3611 Apparet
387 3529 479 3590 extra
507 3523 663 3609 templum
692 3545 787 3587 suum
817 3526 952 3607 martyr:
982 3522 1219 3607 ἐφίσταται.
1245 3574 1251 3587 .
1276 3574 1282 3587 .
1306 3524 1436 3600 τούτοις

127 3627 175 3688 ἐτι
197 3625 446 3690 καθεύδουσι
466 3621 515 3711 (in
528 3620 641 3709 horto)
662 3673 713 3687 ...
733 3621 768 3686 oi
784 3617 822 3685 δέ
919 3619 977 3706 ὑφ’
1006 3613 1054 3685 ὧν
1073 3621 1255 3704 ἀκηκόεσαν
1273 3626 1436 3686 καταπλα-

129 3721 240 3803 γέντες
263 3728 330 3788 κτλ.
356 3723 407 3808 19,
424 3722 496 3786 190.

215 3817 428 3886 Asseveratur
451 3820 540 3904 ὕπαρ
564 3818 626 3885 οὐκ
649 3821 745 3906 ὄναρι
773 3817 915 3904 Κάστωρ
946 3842 996 3894 τις
1029 3869 1035 3882 .
1065 3869 1071 3881 .
1104 3869 1110 3881 .
1137 3815 1206 3881 κατ’
1243 3817 1348 3901 αὐτὴν
1379 3828 1437 3903 τῆς

127 3918 343 4004 πανηγύρεως
366 3914 635 4004 νυκτεγερσίανό)
664 3919 743 3993 ὄψιν
771 3916 834 4003 δρᾷ
861 3918 1048 4000 τοιαύτην.
1073 3967 1080 3981 .
1104 3965 1110 3979 .
1133 3916 1170 3979 τὸ
1199 3912 1236 3980 δὲ
1263 3910 1306 3999 ἦν
1332 3915 1436 4002 ὕπαρ

127 4131 188 4201 θεῷ
208 4127 248 4190 είς
270 4127 354 4196 τήνδε
376 4128 427 4199 τὴν
451 4126 645 4200 πραγματείαν
662 4129 827 4196 παρῆλθον,
851 4125 984 4188 πολλάκις
1009 4145 1041 4195 με
1064 4125 1298 4200 προτρεψαμένῳ,
1321 4125 1437 4196 μάλιστα

128 4207 160 4262 δὲ
178 4217 231 4263 νῦν
251 4209 402 4278 ἐναργῶς
421 4208 601 4264 ἐπιστάντε
621 4228 668 4277 μοι
687 4252 693 4261 .
715 4252 720 4261 .
743 4251 747 4261 .
768 4208 816 4261 καλ
835 4207 986 4277 μονονουχὶ
1001 4207 1160 4261 κελεύσαντι
1173 4216 1261 4261 ταῦτα
1276 4206 1437 4276 συγγράψαι

128 4289 233 4343 Artem.
250 4288 300 4342 On.
316 4288 343 4341 Π
357 4294 391 4342 70
405 4307 432 4359 p.
449 4294 535 4355 168,a
553 4289 683 4343 Hercher.
713 4286 859 4352 Quomodo
874 4286 1054 4357 ampolurgus
1069 4304 1086 4340 a
1100 4286 1257 4341 Protesilao
1272 4303 1321 4339 suo
1337 4286 1437 4356 guber-

127 4371 211 4423 netur
229 4369 321 4422 eluoet
340 4385 380 4422 ex.
401 4387 441 4438 gr.
461 4385 477 4422 e
500 4367 631 4423 Philostr.
655 4367 775 4422 Heroico
794 4373 846 4421 664
864 4385 890 4437 p.
908 4373 998 4435 133‚1
1023 4367 1120 4436 Kays:
1145 4367 1265 4436 ξυνῆκα,
1290 4363 1331 4420 ὄτι
1354 4385 1436 4435 μετα-

129 4451 223 4521 βαλεῖν
241 4449 373 4503 κελεύει
391 4467 424 4517 με
442 4448 474 4502 τὸ
492 4456 542 4502 τοῦ
561 4445 625 4518 βίου
644 4456 742 4519 σχῆμα.

220 4533 246 4600 1)
266 4529 431 4584 Columbam
449 4527 555 4582 Thecla
572 4527 731 4582 ministram
750 4545 831 4581 suam
850 4526 991 4596 nominat,
1010 4545 1096 4596 quam
1114 4527 1169 4581 duo
1194 4529 1321 4597 stuprare
1340 4528 1438 4582 volunt

128 4609 195 4678 viri3
215 4610 317 4678 quibus
336 4610 367 4664 in
384 4610 466 4663 hoito
485 4607 601 4662 adsistit
619 4610 731 4663 sancta:
756 4607 796 4671 είς
818 4605 845 4661 τέ
865 4652 870 4662 .
892 4651 898 4661 .
917 4651 923 4662 .
949 4607 1001 4677 τὴν
1024 4606 1189 4675 περιστερὰν
1211 4607 1263 4676 τὴν
1288 4607 1356 4677 ἐμὴν
1377 4650 1382 4662 .
1404 4650 1408 4661 .
1430 4652 1436 4664 .

129 4692 297 4760 διαφθεῖραι
316 4691 451 4763 βούλεσθε
470 4692 525 4745 κτλ.
547 4693 664 4759 19,190.
911 4692 938 4759 2)
957 4688 992 4743 cf.
1007 4707 1034 4758 p.
1050 4693 1083 4741 63
1094 4706 1134 4756 sq.

1189 4775 1223 4831 ιχ*
