3294 5190
163 342 205 404 86
744 338 835 407 Caput
853 338 898 390 sV.

165 505 300 589 ἀρωγήν
324 556 330 567 .
355 556 361 567 .
386 553 393 566 .
416 506 535 579 τόπος
559 500 723 586 ούδείςῙ)
748 554 754 565 .
779 554 785 564 .
811 553 816 565 .
841 503 885 578 ὡς
903 500 957 565 καί
976 505 1049 565 τότε
1068 503 1290 588 Χριστοδώρῳ
1312 501 1476 585 φανέντες

164 601 351 683 καλέσαντι,
377 600 395 666 ό
419 597 480 685 μὲν
503 601 639 684 ἠρεμεῖν
660 611 730 675 τοῖς
754 599 887 683 ἀνέμοις
910 598 1090 682 ἐκέλευσεν,
1114 598 1131 663 ὁ
1151 595 1187 663 δέ
1205 599 1381 683 ἡσυχάζειν
1401 599 1476 663 ἐπε-

163 704 241 783 τίμα
264 710 333 774 τοῖς
355 699 477 763 ὕδασιν
499 704 567 762 κτλ.
592 701 621 779 ὃ,
636 697 723 760 3437
736 696 759 760 C
771 719 839 780 sqq.
886 697 1091 760 Theodorum
1110 699 1143 760 in
1163 699 1243 761 mari
1262 720 1358 762 arena
1376 698 1475 762 obru-

163 801 233 861 tum
258 801 385 861 serrant
408 795 460 878 53,
474 796 560 859 3621
572 795 610 859 A.

252 895 349 959 Domi
381 898 536 978 apparent
563 894 665 958 sancti
694 891 893 956 christodori
922 894 1088 957 oeconomi
1112 894 1218 977 uxori,
1247 894 1365 978 quippe
1389 917 1474 977 quae

86 1001 93 1013 ‘
165 995 280 1057 marito
313 993 504 1076 persuadere
537 996 681 1073 conetur,
713 1013 753 1055 ne
785 994 963 1074 martyrum
995 990 1153 1074 templum
1185 991 1475 1056 administrandum

165 1092 332 1174 suscipiat:
360 1091 441 1155 κατὰ
469 1093 548 1166 τοὺς
574 1090 702 1164 ὕπνους
730 1098 774 1175 τῷ
806 1091 932 1175 γυναίῳ
959 1088 1169 1172 παρέστησαν
1197 1094 1265 1154 κτλ.
1290 1090 1319 1172 9,
1334 1089 1475 1154 34441).
1557 1150 1561 1160 ,

164 1188 247 1253 Item
270 1188 355 1272 apud
378 1187 597 1269 Athanasiam‚
622 1209 702 1269 quae
726 1187 843 1250 sanctis
866 1186 1084 1268 maledicebat,
1108 1187 1257 1250 videntur
1275 1209 1409 1270 eamque
1433 1188 1476 1251 ad

166 1287 323 1370 templum
348 1307 441 1350 suum
464 1289 588 1366 vocant,
612 1288 648 1347 ut
672 1288 812 1347 curetur:
836 1288 1012 1367 φαίνονται
1035 1282 1113 1348 καθ’
1139 1284 1248 1349 ὕπνον
1270 1284 1352 1370 αὐτή
1376 1307 1476 1370 παρι-

168 1386 323 1468 στύμενοι
351 1381 405 1447 καί
430 1435 436 1447 .
462 1434 467 1445 .
491 1433 499 1446 .
528 1382 690 1465 λέγοντες·
720 1377 798 1447 ἐλθὲ
827 1382 909 1464 πρὸς
936 1381 1021 1465 ἡμᾶς
1044 1380 1106 1467 (εἰς
1135 1378 1228 1447 οἷκον
1255 1384 1318 1468 γὰρ
1345 1382 1476 1468 ὕπήρχε

166 1485 225 1546 τὸν
250 1479 351 1568 ἴδιον)
375 1479 429 1544 καὶ
453 1482 515 1562 τήν
543 1480 647 1565 βῶσιν
669 1479 762 1563 ήμεῖς
790 1495 843 1542 σοι
867 1480 1067 1564 δωρούμεθα
1086 1480 1138 1562 29,
1152 1479 1288 1544 35121).
1335 1479 1477 1545 Sanatur

169 1580 286 1643 mulier
313 1584 345 1644 et
368 1579 571 1643 convertitur.
597 1616 641 1623 —
670 1576 840 1640 Cosmiana
867 1580 1043 1660 martyrum
1073 1600 1198 1640 sacrum
1226 1579 1417 1663 adgressura
1439 1580 1477 1644 in

166 1679 279 1742 itinere
303 1701 322 1740 a
345 1676 473 1740 diabolo
496 1699 554 1760 per
582 1676 692 1739 dolum
721 1697 737 1737 e
765 1696 860 1738 curru
888 1675 1009 1738 cicitur.
1060 1674 1173 1739 Nihilo
1197 1676 1303 1740 minus
1327 1678 1476 1760 pervenit

166 1778 206 1840 ad
235 1779 362 1840 sanctos
390 1779 485 1857 atque
513 1775 695 1856 precatione
723 1777 851 1856 peracta
878 1773 923 1835 sic
951 1794 1005 1836 eos
1038 1773 1234 1856 adloquitur:
1262 1775 1386 1858 ταύτην
1417 1772 1476 1861 (sc.

165 1874 227 1955 τήν
242 1869 356 1958 εύχήν)
371 1873 415 1948 ὡς
432 1872 624 1955 ἠβουλόμην
642 1870 800 1936 τελέσασα
818 1872 919 1934 πόλιν
938 1872 1050 1935 οίκαδε
1068 1872 1252 1955 πορεύομαι
1272 1873 1332 1936 οὐκ
1351 1874 1478 1948 ἄλλους

168 1972 302 2055 ἰατροὺς
324 1979 384 2034 τοῦ
409 1969 489 2054 ἐμοῦ
507 1968 709 2053 ποιησομένη
729 1971 922 2052 νοσήματος,
941 1966 1010 2032 ἀλλ’
1035 1969 1120 2051 ὑμᾶς
1139 1969 1253 2034 ἐλθεῖν
1272 1969 1375 2034 ἐκεῖσε
1393 1992 1477 2056 προ-

165 2067 330 2154 τρέπουσα
358 2065 412 2132 καί
442 2069 503 2149 τήν
532 2067 628 2151 ὑμῶν
657 2067 791 2150 ἀρωγήν
818 2065 1038 2149 ἀναμένουσα,
1067 2064 1110 2131 ἵν’
1144 2068 1252 2152 ὥσπερ
1282 2067 1477 2153 ἐρρωμένην

166 2191 205 2250 με
236 2176 293 2248 τῆς
321 2163 430 2241 ἑστίας
458 2167 627 2248 εἰλήφατε,
656 2164 761 2240 οὕτως
794 2163 896 2228 ἐκεῖσε
924 2163 1126 2248 γιγνομένην
1155 2167 1302 2248 ἰύσησθε.
1349 2165 1477 2242 Quibus

166 2264 260 2327 dictis
284 2263 353 2326 abit
375 2261 578 2338 ιἰδιστοίκτως
600 2263 814 2344 πιστεύουσα,
839 2262 883 2336 ὡς
900 2263 1032 2338 πάντως
1052 2262 1208 2338 ἐλθόντες
1232 2265 1264 2328 οἰ
1287 2264 1377 2345 ὕγιοι
1400 2263 1473 2329 κατ’

166 2356 260 2426 οἷκον
283 2361 387 2443 αὐτήν
409 2360 673 2445 θεραπεύσωσιν.
697 2360 715 2424 ὃ
738 2357 793 2424 καί
817 2358 989 2442 γεγένηται
1013 2410 1019 2423 .
1045 2412 1051 2424 .
1075 2410 1082 2423 .
1105 2359 1173 2424 κατ’
1202 2361 1308 2443 αὐτὴν
1325 2363 1389 2445 γὰρ
1413 2363 1478 2444 τήν

165 2459 269 2523 νύκτα
293 2461 455 2541 σχήμασιν
480 2459 602 2542 ἰατρῶν
625 2457 836 2541 ἀφικόμενοι,
868 2461 902 2521 τί
927 2456 969 2521 δν
997 2460 1081 2541 ἔχοι,
1109 2459 1170 2541 τήν
1197 2460 1395 2542 Κοσμιανήν
1417 2483 1477 2523 κα-

163 2557 357 2621 θεύδουσαν
380 2557 501 2638 ήροντο
524 2560 591 2620 κτλ.
615 2555 667 2638 33,
682 2553 769 2619 3533
781 2553 813 2619 C.
824 2553 863 2618 D.

252 2652 362 2716 Etiam
385 2651 438 2715 hio
461 2656 661 2717 asseveratur
684 2652 764 2716 illud
786 2653 874 2737 ὕπαρ
900 2653 960 2717 οὐκ
984 2654 1066 2736 ὄναρ
1095 2651 1148 2739 (cf.
1167 2677 1198 2736 p.
1217 2651 1267 2738 5),
1291 2654 1376 2736 quod
1406 2656 1479 2736 qui-

165 2753 237 2815 dem
262 2753 301 2814 ad
329 2754 506 2833 martyrum
534 2752 692 2814 visionem
720 2751 846 2814 attinet:
875 2749 992 2814 Isidori
1021 2752 1082 2832 τήν
1109 2755 1223 2816 πίστιν
1250 2753 1286 2816 οἰ
1309 2753 1478 2837 μάρτυρες

165 2848 366 2932 ἀγασάμενοι
402 2847 471 2912 οὕκ
502 2850 597 2933 ὄναρ
628 2847 705 2912 ἀλλ’
742 2848 845 2933 ὕπαρ
875 2848 964 2935 αὐτῷ
991 2853 1259 2932 παραφαίνονται
1288 2901 1294 2913 .
1324 2901 1330 2913 .
1359 2901 1366 2913 .
1391 2850 1408 2916 ὁ
1439 2847 1477 2914 δὲ

164 2957 231 3011 τῶν
255 2945 291 3010 ἐν
318 2954 364 3032 τῷ
387 2946 451 3032 νεῷ
475 2948 650 3030 παρόντων
672 2948 765 3021 τινὰς
788 2946 968 3028 ὑπολαβὼν
991 2941 1077 3010 εἶναι
1106 2950 1185 3021 τοὺς
1213 2948 1384 3032 μάρτυρας
1406 2953 1477 3013 κτλ.

165 3044 194 3126 4,
213 3044 342 3107 343213.
381 3047 493 3128 Κῦρος
513 3093 564 3107 ...
583 3053 628 3131 τῷ
647 3053 804 3109 νοσοῦντι
822 3047 1019 3128 παρίσταται
1039 3041 1087 3127 (in
1110 3041 1249 3129 balneo),
1268 3044 1339 3109 ούκ
1361 3047 1477 3131 ὄναρ,

166 3143 210 3218 ὡς
233 3153 302 3218 τοῖς
324 3144 454 3207 πλείοσι
478 3145 641 3225 φαίνεται,
665 3139 745 3206 ἀλλ’
772 3141 874 3224 ὕπαρ
899 3140 951 3223 52,
966 3140 1051 3203 3617
1065 3138 1147 3222 osi).

254 3239 421 3304 Somnium
445 3262 517 3303 cum
545 3241 679 3303 veritate
708 3240 926 3324 coniungitur:
954 3240 1051 3302 ficum
1079 3242 1210 3322 aegroto
1238 3262 1296 3322 per
1323 3261 1476 3306 somnum

164 3361 183 3401 a
206 3338 401 3420 martyribus
424 3337 605 3421 praebitum
628 3338 775 3419 proximo
800 3338 850 3400 die
874 3360 956 3401 uxor
979 3337 1046 3399 eius
1071 3336 1210 3400 inlecto
1235 3338 1371 3402 invenit:
1395 3338 1413 3404 ὁ
1439 3337 1478 3405 δὲ

164 3437 225 3518 τήν
249 3436 366 3519 ἰσχάδα
390 3434 566 3518 δεξόμενος
589 3435 713 3516 ταύτην
736 3429 821 3499 εἶναι
844 3435 905 3517 τήν
932 3432 1009 3498 καθ’
1037 3433 1165 3510 ὕπνους
1194 3435 1282 3521 αὐτῷ
1312 3436 1478 3502 δοθεῖσαν

167 3532 372 3615 ἀπήγγελλεν
394 3530 424 3617 5,
440 3532 527 3595 3433
537 3531 573 3596 B.
620 3532 730 3595 Menas
753 3533 897 3596 notarius
921 3554 978 3615 per
1001 3532 1162 3595 somnium
1186 3555 1204 3595 a
1228 3533 1346 3597 sanctis
1365 3534 1477 3620 flagel-

166 3632 251 3694 latus
277 3631 321 3706 ὡς
344 3629 432 3715 ὕπαρ
452 3628 613 3713 πληχθείς
631 3625 696 3713 εἶχε
715 3631 793 3705 τοὺς
811 3631 973 3712 μώλωπας
997 3627 1230 3716 (‘Schwielen')
1253 3630 1305 3714 39,
1320 3630 1408 3695 3576
1419 3631 1455 3697 G.

253 3727 388 3792 Ioannes
413 3729 542 3810 quidam
567 3724 733 3812 caecus2)
757 3728 934 3791 καθεύδων
958 3726 1077 3791 ἑαυτὸν
1101 3724 1223 3791 ἑστῶτα
1241 3729 1305 3812 πρὸ
1325 3739 1386 3793 τοῦ
1404 3743 1477 3795 τῶν

168 3827 274 3909 ἁγίων
306 3829 422 3909 έβλεπε
452 3827 620 3910 μνήματος
648 3830 715 3889 κτλ,
740 3825 796 3907 37,
815 3823 946 3889 35610.
993 3823 1193 3907 Sophronius
1224 3827 1270 3901 εἰς
1300 3826 1478 3914 εύκτήριόν

164 3949 195 3989 τι
221 3976 226 3987 .
252 3976 258 3987 .
283 3976 289 3987 .
314 3922 433 3988 ἐαυτὸν
453 3925 684 4006 εἰσερχόμενον
702 3925 838 4005 ἔβλεπεν
859 3922 909 4004 70,
925 3922 1063 3986 3672Βε
1083 3944 1176 3985 suum
1195 3924 1338 4006 ipsorum
1357 3945 1477 4008 corpus

164 4023 271 4086 videre
296 4023 401 4085 solent
424 4044 481 4104 per
504 4043 653 4084 somnum
677 4020 876 4084 ambulantes
905 4019 1079 4084 secundum
1107 4019 1300 4106 Koem'gium
1330 4021 1379 4085 De
1403 4021 1479 4087 Ari-

166 4120 257 4185 stidis
281 4119 487 4183 incubatione
510 4143 539 4202 p.
560 4119 580 4181 6
600 4119 670 4183 adn.

253 4217 426 4282 Dormiunt
450 4217 636 4281 incubantes
661 4221 782 4283 strato
808 4218 975 4302 supposito
995 4215 1029 4280 in
1052 4217 1122 4299 ipso
1147 4217 1242 4282 solo:
1265 4215 1320 4282 καί
1338 4224 1478 4284 τεθεῖσα

254 4484 279 4550 1)
299 4482 333 4537 cf.
354 4488 396 4549 35,
412 4483 528 4536 3545D:
548 4481 632 4537 ούδὲν
652 4483 744 4537 αὐτῶν
762 4491 817 4536 τῶν
840 4482 870 4536 ἐν
889 4477 1034 4549 κτίσμασιν
1063 4479 1183 4551 ἄβατον,
1202 4482 1253 4536 ούκ
1279 4482 1422 4552 οὐρανός,
1443 4486 1478 4539 ού

164 4572 208 4633 γῆ,
228 4563 279 4616 ούκ
298 4561 361 4631 ἀήρ,
381 4564 413 4616 ού
432 4571 497 4631 πῦρ,
517 4563 568 4633 ούχ
587 4560 671 4630 ὕδωρ,
690 4563 723 4616 ού
741 4558 878 4630 θάλαττα,
898 4561 967 4613 ἀλλὰ
985 4559 1079 4614 πάντα
1094 4559 1253 4630 διέρχονται
1267 4563 1332 4624 τούς
1350 4563 1478 4635 εὐσεβεῖς

164 4644 213 4696 καλ
231 4644 346 4704 πιστούς
365 4643 554 4708 διασώζοντες.

254 4726 280 4792 2)
299 4732 387 4777 ταῦτα
406 4723 477 4778 καθ’
499 4721 605 4785 ὕπνους
624 4720 639 4775 ό
657 4721 725 4783 τέως
743 4721 868 4791 τυφλός
887 4721 1062 4791 θεασάμενος
1081 4727 1123 4789 37,
1139 4727 1210 4775 3564
1220 4721 1251 4774 A.
