3294 5190
738 298 828 368 Caput
846 299 891 352 IV.

713 549 834 634 Caput
858 549 912 614 IV.

567 674 613 741 De
635 674 844 742 incubatione
868 674 1059 742 christiana.

252 821 404 884 llrwinus
423 819 536 883 Rohde
554 841 614 883 nos
634 819 752 899 docuit,
776 840 838 901 qua
857 819 981 882 ratione
1001 817 1238 903 intellegendae.
1251 820 1316 883 sint
1338 819 1473 883 fabulae

163 921 201 983 de
226 920 294 983 vita
316 940 353 981 ac
376 921 479 981 morte
504 917 633 981 illorum
657 916 789 980 deorum
817 915 1059 999 chthoniorum,
1087 916 1200 999 quiin
1228 918 1370 982 cavernis
1395 918 1473 981 sub-

164 1017 319 1081 terraneis
342 1015 525 1079 habitantes
549 1014 713 1078 divinandi
736 1012 922 1078 facultatem
945 1036 1002 1096 per
1021 1015 1144 1078 somnia
1162 1015 1354 1079 mortalibus
1377 1039 1474 1098 prae·

164 1115 295 1197 bebant,
326 1135 392 1177 non
424 1113 574 1177 exstincti
601 1134 725 1195 revera,
754 1112 852 1176 immo
881 1112 959 1194 ipsis
989 1112 1125 1176 oraculis
1153 1134 1257 1195 neque
1284 1136 1360 1178 vero
1390 1114 1472 1178 solis

163 1213 302 1277 oraculis
339 1212 482 1275 viventes
520 1209 755 1293 quodammodo
794 1213 890 1292 atque
927 1212 1083 1293 potentes.
1142 1210 1236 1294 Epici
1274 1209 1474 1275 Graecorum

163 1315 285 1393 poetae,
309 1310 343 1372 in
371 1331 508 1392 quorum
537 1307 731 1372 carminibus
761 1306 903 1390 Olympii
931 1312 1067 1392 regnant
1094 1308 1144 1371 dei
1172 1308 1267 1371 hilari
1296 1309 1472 1392 splendore

163 1408 333 1493 fulgenter,
347 1407 519 1472 horribiles
533 1411 618 1470 atras
637 1410 740 1470 terrae
760 1406 977 1470 emanationes
996 1405 1181 1492 intellegere
1200 1429 1266 1470 non
1284 1409 1473 1490 potuerunt.

162 1506 277 1590 ltaque
300 1528 373 1570 cum
397 1505 554 1570 eiusmodi
578 1505 747 1569 daemones
772 1526 946 1586 eorumque
965 1503 1069 1568 cultus
1089 1505 1256 1588 praeteriri
1275 1504 1315 1568 ab
1340 1505 1380 1568 iis
1403 1527 1474 1568 non

164 1609 303 1688 possent,
327 1604 413 1667 facta
435 1602 491 1666 illa
514 1602 576 1666 sibi
601 1602 708 1666 obteta
732 1623 804 1666 cum
835 1601 953 1665 fabulis
981 1601 1048 1664 suis
1076 1602 1267 1666 studuerunt
1290 1606 1474 1667 conectere:

166 1702 198 1765 di
232 1701 378 1766 chthonii
410 1701 444 1764 in
475 1701 622 1764 homines
654 1699 936 1781 convertebantur,
969 1699 1085 1783 quibus
1126 1704 1201 1782 post
1233 1701 1334 1783 ipsam
1367 1700 1474 1764 vitam

165 1800 326 1882 praeclare
345 1803 507 1881 peractam
531 1798 632 1862 divini
654 1799 793 1862 honores
817 1796 1043 1880 tribuerentur,
1066 1821 1105 1861 ex
1129 1797 1312 1862 hominibus
1337 1797 1474 1863 semidei

163 1897 284 1961 fiebant
308 1935 350 1942 -
374 1896 501 1981 heroes,
525 1897 580 1981 qui
608 1900 745 1961 mortem
773 1918 839 1960 non
862 1895 1080 1980 oppetienmt,
1108 1896 1218 1961 sedin
1244 1900 1409 1961 aeternum
1435 1900 1475 1961 ut

164 1997 318 2079 viverent,
342 1995 402 2058 sub
426 1999 544 2059 terram
568 1999 643 2059 sunt
666 1994 791 2058 remoti.
799 1991 823 2080 1)

163 2189 366 2259 Amphilochus
372 2187 643 2259 Apollinisyvrlosor:
654 2188 744 2241 Tzetz.
751 2188 788 2240 ad
793 2187 928 2256 Lycophr.
939 2193 999 2241 440.
1010 2187 1088 2241 Idem
1093 2187 1232 2257 Apollinis
1239 2185 1384 2256 Δηραίνον
1395 2189 1476 2244 κύων

165 2271 230 2339 Lyc.
246 2276 299 2324 440
309 2271 342 2338 -l-
354 2268 445 2323 Tzetz.
475 2267 555 2332 Quod
570 2268 646 2337 apud
661 2267 751 2322 Strab.
767 2267 866 2333 111110,
878 2273 910 2320 17
925 2287 951 2337 p.
964 2273 1014 2321 676
1033 2267 1139 2336 legitur
1153 2285 1186 2321 ex
1200 2267 1322 2322 Hesiodo
1337 2268 1477 2322 haustum

166 2350 385 2420 Amphilochum
409 2349 445 2402 ab
469 2347 600 2418 Apolline
622 2347 695 2401 Solis
718 2346 898 2402 interfectum
917 2364 986 2413 esse,
1006 2348 1131 2401 declarat
1154 2348 1200 2401 hic
1225 2364 1336 2416 quoque
1354 2347 1385 2401 in
1405 2349 1475 2402 reli-

165 2430 282 2500 gionum
302 2446 437 2483 concursu
455 2428 560 2481 similia
575 2427 710 2481 accidisse
725 2429 810 2496 atque
824 2426 948 2497 Delphis.
977 2428 1092 2497 Mopsus
1111 2427 1185 2481 filius
1204 2427 1355 2497 Apollinis:
1378 2428 1474 2485 Strab.

164 2511 229 2564 XIV
246 2517 315 2579 5,1e
339 2508 441 2579 p.'675.
469 2509 560 2564 Treta.
584 2509 648 2577 Lyc.
664 2513 724 2563 439.
748 2506 786 2562 ib.
806 2513 859 2562 440
883 2506 1038 2577 (Δηραίνον
1065 2509 1140 2562 κύων
1164 2508 1237 2562 sicut
1259 2507 1474 2577 Amphilochus.

165 2593 230 2661 Lye.
256 2598 308 2645 440
329 2592 362 2659 -l-
383 2590 493 2663 Tzetz.).
537 2588 639 2643 Conon.
669 2606 741 2643 narr.
772 2594 795 2643 6.
836 2588 919 2642 Clem.
944 2588 1022 2642 Alex.
1048 2588 1101 2643 Str.
1129 2588 1193 2641 121
1227 2595 1242 2655 ξ
1267 2594 1317 2641 134
1349 2590 1474 2659 saepius.

166 2671 252 2726 Clarii
276 2669 416 2740 Apollinis
445 2670 589 2723 oraculum
611 2671 702 2722 matre
724 2671 835 2722 mortua
859 2667 975 2737 accipit,
1000 2668 1102 2722 Conon.
1126 2668 1143 2722 l.
1165 2687 1184 2722 s.
1226 2667 1378 2722 Hemithea
1409 2688 1477 2724 cum

166 2751 298 2822 Apolline
318 2749 901 2819 101111111ς10111111011.1160(1111403).
939 2747 1034 2802 Etiam
1061 2747 1249 2802 oneirocritici
1272 2748 1477 2806 Telmissenses

168 2832 204 2886 ab
231 2830 363 2900 Apolline
391 2829 528 2899 originem
554 2829 703 2884 ducebant.
724 2829 758 2884 cf.
784 2827 878 2882 Odofr.
903 2826 1006 2883 Muller
1032 2828 1150 2883 Dorier²
1168 2829 1254 2882 1218.
1296 2827 1395 2897 Neque
1420 2831 1478 2886 hoc

166 2909 322 2964 satisfuit:
342 2908 491 2978 postremis
510 2907 683 2977 temporibus
702 2908 803 2978 Apollo
822 2908 883 2978 ipse
903 2908 1017 2962 oracula
1040 2908 1175 2963 ohthonia
1199 2908 1376 2978 occupavisse
1396 2911 1477 2965 vide-

165 2994 220 3044 tur.
258 2991 290 3042 ln
322 2987 427 3042 scholio
455 2988 588 3042 Nicandr.
615 2988 741 3043 Theriac.
762 2995 814 3042 614
839 2988 1020 3043 inveniuntur
1042 2989 1123 3043 haec:
1149 2987 1282 3058 Ὀρόπεια
1310 2988 1363 3058 γὰρ
1392 2990 1478 3055 πόλις

168 3067 318 3138 Βοιωτίας,
347 3067 418 3124 ὅπου
446 3067 651 3137 διασημότατον
679 3069 755 3138 ἱερὸν
780 3068 953 3132 Ἀπόλλωνος.
992 3070 1036 3139 (ef.
1056 3069 1186 3124 Eutecnii
1214 3069 1409 3139 metaphrasin
1437 3073 1475 3126 ad

167 3156 289 3204 604-19
308 3169 334 3219 p.
351 3155 403 3203 350
418 3149 457 3202 S.:
477 3147 545 3217 παρ’
563 3147 739 3213 ’Λπόλλωνος
756 3159 806 3205 τοῦ
826 3150 856 3205 ἐν
874 3155 911 3222 τῷ
927 3147 1062 3223 Ὠρωπῷ.)
1093 3150 1199 3205 Tamen
1219 3167 1251 3204 eo
1270 3150 1331 3204 loco
1346 3167 1404 3205 non
1419 3152 1479 3206 nisi

167 3228 332 3299 Amphiarai
347 3247 456 3283 sacrum
470 3230 576 3283 clarum
591 3231 728 3286 exstabat.
761 3230 900 3299 Apollinis
914 3248 1016 3285 nomen
1029 3230 1059 3283 in
1073 3230 1166 3300 prima
1181 3247 1246 3286 arae
1260 3230 1336 3284 illius
1350 3248 1478 3302 magnae

170 3313 251 3381 pa1te
275 3309 442 3378 inscriptum
464 3308 550 3362 fuisse
574 3326 641 3363 sane
665 3314 707 3365 est
729 3314 842 3379 notum,
860 3312 941 3366 Paus.
957 3312 970 3363 Ι
985 3317 1026 3380 34,
1042 3317 1071 3378 33
1101 3312 1149 3365 sed
1173 3312 1208 3366 de
1232 3311 1367 3381 ampliore
1391 3313 1476 3368 cultu
1550 3360 1559 3369 .

168 3391 228 3444 eius
247 3389 320 3442 nihil
338 3388 473 3455 traditur,
499 3390 603 3442 nedum
625 3391 660 3444 de
683 3391 849 3461 Amphiarai
873 3408 950 3444 sacro
975 3393 1118 3461 occupato.
1156 3391 1253 3446 Nihilo
1276 3391 1369 3445 minus
1392 3393 1479 3448 illam

171 3468 270 3522 scholii
289 3468 442 3522 Nicandrei
461 3472 557 3523 notam
575 3469 632 3524 iam
651 3489 706 3525 non
725 3472 793 3526 lieet
811 3471 969 3542 neglegere,
989 3489 1051 3525 oum
1069 3471 1203 3541 inspicias
1223 3472 1317 3541 Steph.
1333 3473 1400 3541 Byz.
1418 3493 1439 3530 s.
1450 3495 1477 3530 v.

171 3549 280 3620 Tayrlpn
303 3568 329 3618 p.
347 3554 406 3617 011,
421 3555 503 3618 3sqq.
542 3550 748 3606 Enumerantur
771 3552 817 3605 hic
840 3551 954 3619 quidem
983 3569 1016 3605 ea
1039 3551 1113 3619 loca,
1137 3551 1239 3618 quibus
1263 3551 1365 3620 Apollo
1389 3558 1478 3610 natus

171 3646 232 3684 esse
250 3630 424 3697 tradebatur,
444 3632 504 3684 tum
522 3631 649 3701 pergitur
666 3633 719 3686 hoc
738 3632 833 3685 modo:
858 3629 1050 3699 Καλλισθένης
1074 3630 1103 3685 ἐν
1127 3627 1208 3703 τρίτῳ
1231 3640 1287 3686 τῶν
1302 3628 1478 3702 Ἑλληνικῶν

172 3707 245 3765 εἶναι
264 3709 380 3779 μαντεῖαί
400 3730 468 3781 φησι
487 3715 533 3781 (sc.
549 3712 708 3782 Apollinis),
729 3713 775 3766 ‘rb
795 3710 846 3780 μὲν
861 3709 1001 3780 Ἰσμήνιον
1025 3709 1056 3763 ἐν
1081 3710 1201 3781 Θήβαις,
1224 3711 1255 3765 τὸ
1280 3710 1312 3765 δὲ
1334 3717 1478 3784 Τροφώ-

168 3811 243 3846 νιον
263 3791 298 3846 ἐν
317 3790 502 3868 Λεβαδείᾳ,
520 3793 552 3847 τὸ
571 3792 602 3846 δὲ
622 3793 653 3848 ἐν
668 3790 758 3864 Ἀβαϊς
776 3790 925 3862 λεγόμενον
944 3790 974 3845 ἐν
995 3794 1130 3859 Φωκεῦσι,
1149 3792 1180 3846 τὸ
1204 3789 1236 3845 δὲ
1255 3794 1426 3862 κυριώτερον
1445 3796 1479 3852 ἐν

169 3875 298 3941 Δελφοῖς,
318 3870 332 3926 ὃ
352 3874 400 3926 καὶ
414 3872 531 3942 μάλιστά
551 3890 620 3943 φασι
635 3869 875 3941 μεμαρτυρηκέναι
888 3870 940 3940 τὴν
955 3870 985 3926 ἐν
1001 3872 1110 3946 Τεγύρμ
1131 3874 1177 3941 (sc.
1193 3870 1349 3942 yiveowl).'
1369 3874 1479 3946 Apollo

168 3952 314 4006 Lebadeae
333 3970 444 4006 sacrum
466 3952 592 4006 habebat
609 3953 701 4022 (Paus.
716 3952 754 4005 IX
769 3957 812 4019 39,
827 3955 853 4021 4)
877 3951 959 4020 eique
978 3952 1051 4006 inter
1075 3952 1145 4006 alios
1170 3953 1235 4007 deos
1260 3953 1480 4013 sacrificabatur

168 4036 233 4087 ante
264 4034 428 4088 descensum
463 4032 667 4086 instituendum
698 4032 745 4101 (ib.
766 4039 808 4098 39,
828 4036 862 4101 ὃ).
907 4032 929 4084 Ε
955 4032 1016 4086 loco
1050 4031 1137 4086 citato
1171 4032 1297 4101 sequitur
1332 4035 1479 4094 exstitisse

168 4113 328 4183 opinionem
346 4114 489 4181 quandam
509 4112 543 4165 de
559 4111 688 4181 Apolline
707 4113 815 4167 oraculi
830 4112 976 4167 cuiusdam
990 4112 1142 4183 Trophonii
1156 4113 1345 4168 Lebadeensis
1364 4133 1480 4185 posses-

167 4211 242 4261 sore,
266 4210 437 4262 quamquam
460 4192 547 4245 verba
572 4191 623 4245 illa
648 4193 724 4263 apud
750 4193 841 4263 ipsum
866 4192 1066 4248 Callisthenem
1089 4194 1125 4264 (h.
1151 4211 1173 4248 e.
1198 4193 1351 4248 Alexandri
1375 4197 1480 4270 Magni

166 4274 350 4344 temporibus)
369 4272 415 4325 vix
433 4271 613 4342 legebantur,
633 4273 682 4327 sed
700 4277 800 4343 postea
822 4273 990 4344 interposita
1014 4290 1073 4329 esse
1096 4274 1235 4331 videntur.
1274 4275 1386 4346 (Apollo
1407 4278 1481 4336 Tro-

166 4354 287 4423 phonius
306 4353 488 4422 responderet
506 4367 547 4407 ex.
567 4371 607 4423 gr.
622 4353 747 4423 Apollini
767 4354 948 4424 Sarpedonio,
968 4355 1002 4409 de
1017 4373 1071 4423 quo
1090 4374 1116 4410 11,
1131 4355 1205 4410 infra
1224 4375 1250 4426 p.
1267 4358 1337 4426 101.)
1366 4358 1481 4416 Scholii

168 4433 322 4488 Nicandrei
341 4435 370 4487 et
389 4431 525 4502 Stephani
544 4433 675 4502 Byzantii
693 4437 779 4489 notae
802 4435 876 4489 inter
900 4452 928 4489 se
953 4435 1060 4504 aliquid
1085 4437 1195 4491 addunt
1217 4436 1296 4490 lucis.
1317 4469 1350 4477 —
1370 4438 1414 4495 De
1434 4442 1481 4497 in-

168 4514 318 4568 cubatione
336 4513 399 4583 ipsa
417 4512 447 4566 in
471 4513 609 4584 Apollinis
633 4515 738 4585 templo
761 4516 868 4569 Romae
891 4515 998 4571 usitata
1021 4518 1160 4585 conferas,
1184 4534 1257 4586 quae
1281 4535 1366 4588 supra
1386 4522 1482 4580 adno-

169 4593 289 4647 tavimus
309 4593 339 4646 in
358 4592 451 4664 capite
471 4593 559 4648 altero
577 4613 604 4664 p.
621 4602 663 4662 32,
680 4602 702 4650 1.
723 4596 756 4652 ef.
772 4616 798 4666 p.
815 4603 857 4662 33,
874 4604 896 4650 1.

259 4677 285 4744 1)
304 4674 338 4730 cf.
357 4673 494 4745 imprimis
512 4675 634 4745 Psyche²
648 4676 699 4747 lp.
716 4682 774 4731 123.
