3294 5190
115 352 272 417 2,3-3,12
562 344 702 399 laudatio
722 343 908 414 Therapontis
1356 342 1416 406 121

114 524 201 597 προῖς
239 509 294 575 καλ
333 508 451 592 γένους
488 508 733 593 ἐπιμνησθῆναι
770 518 902 594 πρῶτον
943 505 1133 592 ἀνατροφῆς
1167 530 1202 571 τε
1235 509 1331 581 θείας
1365 504 1419 570 καλ

116 607 266 695 πράξεων
355 605 410 672 καλ
444 616 513 672 τῶν
534 605 676 690 καθεξῆς
706 605 982 689 ἐπιτηδευμάτων,
1017 597 1065 670 ὧν
1095 603 1218 680 ἐκεῖνος
1248 605 1293 680 ώς
1323 605 1423 679 ἀλλος

117 705 228 783 οὐδεὶς
250 707 332 772 κατὰ
356 707 413 770 τὸν
437 708 514 789 βίον
537 703 694 786 ἐτέλεσεν,
775 698 879 786 μηδὲν
908 701 1024 788 ἀρετῆς
1052 698 1140 778 είδος
1162 702 1444 787 ὑπολειπόμενοςτ

121 807 300 890 άπρακτον·
388 802 474 868 οὕτω
503 805 565 889 γάρ
594 804 637 868 ἀν
665 800 925 887 προκαταβαλὼν
952 808 998 887 τῷ
1025 803 1112 888 λόγῳ
1141 799 1299 884 θεμέλιον
1384 803 1421 867 τὸ

119 914 186 968 τῶν
213 903 396 986 θαυμάτων
426 902 517 987 ίερὸν
547 901 742 988 ᾠκοδόμησα
768 897 911 982 τέμενος.
1002 896 1071 962 ἐπεὶ
1099 893 1136 962 δέ
1163 896 1243 981 ἡμῖν
1271 899 1311 963 οὐ
1339 899 1423 985 πρὸς

122 999 269 1075 ἐκείνους
292 998 309 1063 ὁ
333 1001 441 1083 λόγος,
465 999 524 1076 οὓς
546 997 643 1082 τέχνη
666 995 721 1062 καὶ
745 996 895 1081 ῥητόρων
919 994 1018 1080 ἀκμαλ
1036 996 1294 1082 θεραπεύουσιν,
1340 995 1424 1062 ἀλλὰ

118 1098 201 1183 πρὸς
224 1098 349 1180 ἀνδρας
372 1096 483 1173 ἁπλῶς
506 1092 797 1179 πολιτευομένους,
826 1086 873 1158 ὧν
901 1092 921 1176 ῆ
950 1093 1031 1176 ἀκοή
1058 1094 1119 1177 τῆν
1147 1094 1287 1177 ἀτεχνον
1316 1096 1423 1178 μόνην

118 1204 178 1259 τοῦ
203 1197 305 1276 λόγον
330 1195 548 1259 διδασκαλίαν
571 1190 773 1279 ἀπεριέργως
797 1189 972 1275 ἐκδέχεται,
1049 1190 1129 1277 φέρε
1152 1192 1192 1256 τὰ
1215 1192 1338 1256 παλαιά
1361 1200 1421 1256 τοῦ
1432 1217 1458 1256 10

118 1293 241 1379 ἀνδρὸς
263 1292 457 1379 ὑπερβῶμεν
480 1295 702 1377 γνωρίσματα.
765 1290 894 1355 τούτων
916 1290 979 1376 γάρ
998 1288 1054 1354 καὶ
1076 1289 1170 1374 ὑμεῖς
1190 1287 1226 1354 έν
1244 1299 1283 1375 τῆ
1302 1291 1423 1377 καρδίᾳ

119 1392 180 1474 τῆν
202 1392 334 1475 μνήμην
356 1388 641 1477 προκαταθέμενοι
718 1387 1010 1472 ἐποικοδομεῖσθαι
1035 1391 1155 1470 ζητεῖτε
1177 1387 1239 1470 τήν
1263 1387 1424 1452 ἐνταυθοῖ

116 1500 184 1553 τῶν
207 1490 390 1572 θαυμάτων
413 1485 662 1574 χορηγουμένην
686 1484 853 1569 ἐπίδειξιν,
942 1485 985 1569 ῆν
1013 1485 1031 1550 δ
1054 1486 1180 1571 μάρτυς
1207 1483 1317 1563 αὔξων
1345 1484 1422 1568 ὁση-

115 1586 210 1673 μέραι
234 1588 342 1671 ψυχὰς
365 1593 575 1673 τελετονργεῖ
595 1583 650 1649 καλ
672 1585 756 1670 πρὸς
779 1583 954 1670 ἀρτιότητα
1030 1583 1124 1670 φέρει
1147 1585 1188 1649 τδι
1211 1585 1355 1668 σώματα,

115 1687 198 1749 ὥστε
222 1686 369 1769 φθάνειν
392 1684 447 1750 καλ
471 1682 513 1749 δι’
542 1683 645 1749 αὐτοῦ
669 1685 748 1759 τοὺς
770 1683 987 1759 πιστεύοντας
1072 1683 1131 1758 (είς
1155 1683 1262 1766 ἀνδρα
1285 1680 1422 1766 τέλειον,
1432 1706 1458 1746 15

118 1785 165 1859 είς
187 1781 308 1866 μέτρον
332 1782 460 1865 ήλικίας
483 1791 543 1846 τοῦ
566 1783 783 1868 πληρώματος
805 1790 865 1846 τοῦ
889 1781 1058 1867 Χριστοῦ.

207 1880 290 1944 ἀλλά
314 1883 348 1945 τί
368 1879 482 1963 πάσχω
506 1880 588 1966 πρὸς
612 1878 766 1963 ἀφωνίαν
790 1877 837 1943 ἐπ’
861 1879 999 1964 ἀπειρον
1018 1877 1150 1961 ἐπάγων
1168 1881 1227 1945 τὸν
1247 1883 1448 1964 λογισμόν;3

120 1975 278 2053 πολλάκις
291 1979 355 2064 γάρ
371 1976 424 2042 ἐπὶ
438 1981 479 2042 τδι
492 1980 605 2064 πρόσω
620 1988 738 2061 χωρῶν
759 1975 815 2040 καὶ
838 1986 905 2040 τῶν
927 1975 1111 2060 θαυμάτων
1139 1977 1249 2061 εὑρεῖν
1274 1977 1423 2064 ἀπαρχήν

121 2075 268 2160 ἐρευνῶν
300 2077 346 2152 είς
378 2076 418 2140 τδι
455 2075 574 2161 ἀρχαῖα
603 2076 705 2140 πάλιν
740 2077 941 2158 καθίσταμαι
1032 2073 1086 2140 καὶ
1121 2076 1182 2140 οὐκ
1219 2078 1281 2160 ἐχω
1315 2079 1423 2141 πόθεν

117 2171 339 2257 ἀπάρξασθαι,
397 2182 442 2261 τῷ
466 2176 588 2257 πλήθει
612 2184 679 2237 τῶν
702 2172 829 2259 ἀρετῶν
851 2182 911 2238 τοῦ
935 2173 1057 2258 ἀνδρὸς
1080 2177 1312 2257 συγχεόμενος·

117 2273 221 2335 ἐνθεν
246 2269 333 2335 ἕλκει
364 2272 422 2337 τὸν
451 2280 536 2336 νοῦν
565 2271 605 2335 τά
635 2273 737 2356 νεαρδι
766 2271 1018 2357 κατορθώματα,
1109 2273 1239 2337 ἐκεῖθεν
1269 2271 1445 2338 ἀνθέλκειε

120 2369 221 2433 πάλιν
245 2367 280 2432 ἐκ
302 2377 360 2452 τῆς
384 2367 466 2457 έφάς
489 2368 521 2447 ἐξ
545 2364 584 2452 ής
605 2366 660 2433 καὶ
683 2366 859 2452 γεγέννητο
922 2370 963 2433 τδι
985 2370 1107 2435 παλαιά
1130 2372 1369 2455 προτερήματα,

123 2464 193 2550 [καὶ
223 2463 301 2531 οὐδὲ
329 2466 521 2555 βουλομένῳ
550 2480 741 2554 παραχωρεῖ
769 2467 964 2553 παρελθεῖν]
993 2464 1071 2532 οὐδὲ
1101 2469 1164 2552 γάρ
1197 2467 1376 2554 ἀγέραστος
1403 2469 1423 2553 ῆ

121 2564 302 2646 ἐνεγκοῦσα
325 2565 383 2630 τὸν
407 2565 663 2651 εὐφημούμενον
711 2565 824 2650 μένειν
852 2563 1010 2649 ἀνέχεται.
1064 2567 1166 2652 ταότη
1195 2567 1235 2650 δῆ
1259 2565 1313 2631 καλ
1337 2570 1424 2632 νενί-

121 2687 221 2747 κημαι
289 2662 473 2728 κάντεῦθεν
497 2661 591 2751 ώμην
613 2662 838 2750 κατάρξασθαι
914 2661 970 2728 καλ
994 2661 1096 2729 οίονελ
1124 2665 1316 2750 πρόδρομον
1340 2663 1423 2753 ἑῷόν

120 2784 195 2825 τινα
218 2769 263 2849 τῷ
287 2764 374 2848 λόγῳ
397 2764 742 2847 προκαταστήσασθαι.
833 2760 944 2845 ἐπειδή
973 2762 1035 2844 γάρ
1067 2761 1155 2848 αὐτῷ
1178 2767 1286 2838 καλῶς
1309 2761 1326 2826 δ
1350 2765 1459 2846 βίοςιο

120 2858 222 2923 ἐκεῖσε
247 2855 405 2942 διήνυστο
478 2858 532 2924 καλ
556 2859 576 2943 ῆ
600 2863 745 2944 μονήρης
763 2859 920 2943 ἀσκητικῆ
939 2861 1124 2943 παλαίστρα
1143 2870 1270 2943 σεμνῶς
1294 2860 1423 2946 ίεροόρ-

118 2979 198 3039 γητο
266 2957 323 3032 τὰς
346 2956 503 3042 ήρεμαίας
526 2957 630 3033 αὐλάς
652 2957 706 3022 καὶ
732 2962 804 3044 (θεῷ
829 2957 1021 3040 ἐγγιζούσας
1044 2957 1211 3042 διώκοντι,
1282 2969 1352 3035 τοῖς
1376 2956 1420 3023 δι’

114 3176 169 3242 καλ
193 3177 229 3242 οί
248 3174 310 3261 μὲν
332 3174 402 3242 κατ’
429 3177 639 3244 ἐκεῖνοντὸν
661 3183 785 3264 χρόνον
808 3181 901 3256 ὄντες
923 3179 985 3244 οὐκ
1008 3175 1071 3245 οἷδ’
1099 3180 1187 3257 ὅπως
1211 3184 1300 3267 λήθη
1323 3180 1529 3267 παρέ-ιιι-ιι

115 3277 244 3361 δραμον
267 3274 397 3340 τώποτ’
421 3276 534 3359 αὐτόν,
552 3275 607 3341 καλ
627 3276 737 3354 οὐδεὶς
757 3278 998 3364 συνεγράψατο,
1016 3281 1124 3344 πόθεν
1142 3278 1162 3362 ῆ
1181 3287 1247 3343 ποῦ
1266 3278 1421 3363 γεγέννη-

114 3398 168 3438 ται
191 3373 211 3455 ή
234 3375 341 3438 ποίων
364 3376 428 3457 ἐφν
451 3372 579 3455 γονέων
601 3374 710 3459 ήπῶς
731 3375 766 3440 ἐκ
783 3377 903 3452 παιδὸς
921 3375 1043 3460 ἀνῆκτο
1061 3376 1082 3461 ή
1101 3387 1171 3454 πῶς
1190 3375 1443 3464 διαπέπρακται

116 3474 221 3555 μόνον
244 3467 281 3535 δὲ
304 3469 336 3548 ἐξ
360 3471 460 3555 ἀκοῆς
481 3475 731 3556 παρειλήφαμεν
760 3471 815 3538 καὶ
844 3474 900 3538 διδι
926 3482 984 3557 τῆς
1011 3485 1079 3539 τῶν
1105 3476 1289 3558 θαυμάτων
1316 3475 1421 3541 αὐτοῦ

63 3591 65 3597 ·
116 3568 271 3654 ἐργασίας
294 3570 334 3633 τὰ
356 3567 426 3633 κατ’
454 3569 558 3634 αὐτὸν
580 3572 729 3653 ἔγνωμεν
752 3571 869 3654 οὕτως,
893 3571 937 3647 ὡς
961 3573 995 3636 οί
1020 3575 1060 3637 τά
1086 3570 1158 3637 κατ’
1189 3573 1292 3638 αὐτὸν
1320 3572 1421 3656 ἐγνω-

34 3657 69 3719 «⁸'
115 3668 209 3743 κότες
233 3669 349 3750 φασίν·
369 3666 405 3731 ἐκ
423 3668 589 3732 παιδόθεν
607 3669 666 3732 τὸν
688 3673 815 3755 μονήρη
835 3671 911 3753 βίον
930 3669 1074 3753 ἀσκήσας
1102 3671 1224 3754 σεμνὸν
1256 3671 1421 3757 ίερούργει

116 3764 152 3828 τὸ
171 3763 373 3849 καλλιέρημα
397 3774 442 3852 τῷ
463 3770 547 3852 Θεῷ,
570 3767 627 3841 τὰς
650 3765 808 3853 ήρεμαίας
831 3767 933 3843 αὐλάς
955 3765 1010 3831 καὶ
1036 3772 1107 3854 Θερῖ
1131 3769 1321 3852 ἐγγιζοῦσας
1345 3771 1421 3835 διώ-

115 3884 193 3926 κων.
216 3861 373 3926 κάκεῖθεν
396 3872 575 3947 στομοῦται
598 3859 660 3946 μέν
683 3865 720 3928 τὸ
745 3874 837 3948 σῶμα
860 3866 943 3951 πρὸς
966 3866 1111 3949 δύναμιν
1134 3869 1289 3952 ἀρρήτου,
1312 3870 1421 3944 θείοις
1431 3895 1457 3934 10

116 3955 153 4023 δὲ
184 3957 339 4043 τρέφεται
370 3961 431 4043 τήν
463 3961 573 4044 ήυχῆν
605 3964 830 4047 θεωρήμασιν.
872 3962 1031 4027 ἐντεῦθεν
1063 3962 1118 4028 καὶ
1150 3972 1207 4046 τῆς
1238 3967 1334 4040 θείας
1365 3964 1420 4029 καὶ

22 4087 24 4090 <
116 4055 301 4141 ίεραρχικῆς
323 4067 418 4141 τιμῆς
437 4060 493 4124 διδι
511 4060 571 4124 τὸν
594 4059 751 4145 ἐνάρετον
769 4059 873 4124 αὐτοῦ
891 4058 946 4124 καὶ
965 4062 1087 4126 ἔνθεον
1104 4064 1181 4146 βίον
1198 4061 1420 4145 καταξιοῦται,

116 4213 328 4225 ———-——-

204 4323 259 4386 2‚3
283 4317 462 4388 ἀναστροφῆς
481 4336 548 4375 corr.
567 4322 775 4376 Radermacher
799 4326 803 4392 1
829 4321 899 4379 ῦάν
917 4324 1124 4378 Radermacher
1151 4320 1249 4393 ἆραΑ
1278 4328 1282 4394 Ι
1311 4343 1417 4394 προκα-

114 4397 284 4469 ταλαβὼνΑ
307 4401 311 4467 1
338 4404 371 4451 13
390 4398 568 4467 ὡσήμεραιΑ
588 4404 592 4470 Ι
615 4407 647 4455 15
668 4401 769 4472 Ephes.
789 4409 863 4471 4,13
886 4406 895 4474 ss
919 4410 944 4471 3,
964 4411 981 4456 4
999 4403 1183 4473 ἀρπάξοισθαι
1200 4405 1226 4458 A
1251 4407 1255 4475 λ
1282 4411 1296 4458 7
1316 4405 1382 4460 inde
1402 4424 1420 4460 a

115 4497 138 4532 v.
157 4487 319 4548 παραχωρεῖ
341 4478 450 4531 accedit
468 4479 656 4534 Messanensis
673 4483 677 4551 Ι
693 4482 745 4552 γὰρ
766 4501 819 4538 om.
838 4484 863 4537 A
888 4485 892 4554 Ι
918 4491 934 4538 8
953 4483 1047 4554 μένειν
1065 4484 1193 4555 ἀνέχεται
1213 4488 1278 4540 ante
1297 4486 1346 4543 τόν
1366 4488 1395 4539 Μ
1412 4487 1417 4560 Ι

115 4564 131 4611 9
151 4558 221 4625 ἐῶνν
240 4558 269 4610 Μ
285 4561 289 4627 Ι
307 4563 338 4612 11
359 4575 465 4625 σεμνων
479 4559 508 4612 Μ
524 4563 528 4630 Ι
545 4560 713 4632 λερονργεῑτο
727 4563 753 4616 A

222 4733 309 4781 8-10
328 4751 362 4776 ιν
381 4733 525 4796 3,11-12
542 4731 546 4799 Ι
564 4735 666 4785 10-11
687 4759 721 4778 =
741 4740 765 4803 3,
782 4739 885 4789 13-15
