3294 5190
610 335 651 390 De
670 335 851 391 incubatione
870 336 1032 393 christiana.
1409 342 1472 406 103

166 499 300 585 vulgata
327 523 347 562 a
376 500 498 564 Basilio
531 500 625 565 nobis
660 501 858 586 referuntur,
886 500 1019 565 fluxisse
1049 501 1113 565 iam
1149 503 1316 568 adnotavit
1342 503 1473 588 Lipsius

167 599 228 662 Die
258 599 368 682 apokr.
398 596 640 683 Apostelgesch.
665 603 722 662 etc.
751 623 781 683 p.
800 599 874 663 432.
921 597 991 675 Qua
1018 603 1125 664 tamen
1157 601 1189 663 in
1218 624 1252 666 re
1285 602 1473 686 explicanda

166 696 324 760 Zahnium
353 697 443 780 sequi
472 696 554 761 velle
581 696 721 780 videtur,
750 697 804 779 qui
834 696 936 783 (Giitt.
965 695 1026 781 gel.
1054 696 1133 762 Ana.
1160 699 1289 783 rw
1319 723 1349 782 p.
1371 699 1472 786 1293)

166 795 245 858 haec
268 797 404 878 profert:
427 795 508 872 „Die
532 796 575 858 im
600 794 826 860 Thelehahloster
848 795 895 860 het
918 793 1057 860 Seleucia
1079 797 1115 860 ι’νι
1133 796 1368 880 Εννιιιινροίανρ
1390 799 1473 863 ciam

166 893 347 958 osteasihlea
373 892 476 958 Grada
499 895 553 957 der
572 891 719 974 Ηνίίίρωι
741 893 899 958 crdichtete
916 893 1014 958 Fahel
1036 915 1096 958 οονι
1113 894 1213 959 iliram
1237 894 1474 960 Verschwiadea

166 992 211 1055 ι’ννι
235 993 375 1073 ιίονίίρονι
396 990 522 1070 Felsea,
545 991 653 1055 welche
674 1012 732 1056 ναν
759 991 829 1055 Zeti
849 992 936 1072 jeacs
965 990 1110 1057 Basilius
1137 1013 1200 1057 aar
1226 997 1288 1057 erat
1314 994 1474 1058 aadadle‘ch

165 1089 294 1170 amliefl‘
313 1111 338 1152 c.
359 1110 387 1170 q.
407 1110 430 1152 a.
466 1088 537 1153 Nos
556 1111 631 1152 vero
652 1111 725 1152 eum
744 1088 895 1153 Theclam
916 1089 1079 1153 daemonis
1098 1089 1245 1154 chthonii
1264 1111 1333 1155 esse
1352 1112 1474 1155 succes-

167 1208 272 1250 sorem
297 1186 508 1250 christianum
533 1187 793 1271 cognoverimus,
817 1209 881 1251 non
905 1186 1095 1251 mirabimur
1124 1188 1210 1271 quod
1238 1189 1349 1252 eodem
1377 1189 1472 1252 modo

166 1284 305 1348 moritur
329 1287 440 1348 sancta
467 1285 523 1348 illa
553 1285 603 1349 vel
633 1284 742 1368 potius
771 1288 954 1349 removetur
984 1286 1042 1349 sub
1071 1289 1204 1370 terram,
1232 1308 1295 1368 quo
1326 1286 1473 1350 chthonii

167 1382 360 1447 Graecorum
392 1383 443 1446 dei
473 1383 507 1446 in
537 1383 684 1447 homines
712 1383 856 1447 conversi
884 1383 970 1467 apud
1000 1383 1107 1466 epicos
1138 1381 1331 1448 Graecorum
1361 1388 1472 1469 poetas

166 1485 304 1545 mortem
327 1484 485 1565 oppetunt
509 1480 560 1545 vel
583 1481 692 1564 potius
716 1482 756 1544 ad
779 1485 907 1545 aeterne
930 1481 1103 1546 vivendum
1131 1486 1234 1546 terrae
1262 1482 1401 1547 subeunt
1425 1506 1474 1547 oa-

166 1602 289 1644 vernas.
334 1579 398 1642 Pro
423 1579 534 1643 multis
558 1579 597 1644 de
620 1576 819 1662 Amphiarao
848 1583 974 1644 tanturn
1001 1579 1157 1643 nonnulla
1185 1580 1328 1645 afferam:
1356 1590 1398 1664 γῆ
1422 1581 1473 1646 λε’-

166 1702 257 1761 γεται
277 1680 475 1761 διασχεῖν,
490 1677 534 1753 ὡς
547 1677 761 1760 μαντεύοιτο.
774 1729 798 1742 ..
812 1677 866 1743 καί
881 1678 1043 1761 ἀληθεύω
1057 1677 1210 1742 Philostr.
1225 1677 1344 1763 imagi
1355 1680 1407 1742 27.
1426 1703 1474 1744 κε-

166 1773 355 1862 ραυνωθεὶς
366 1773 543 1840 ..κατέδυ
558 1827 581 1838 ..
598 1773 634 1839 ἐν
653 1783 699 1862 τῷ
712 1773 851 1864 Ὠρωπῷ
873 1775 971 1841 schol.
991 1775 1082 1839 Pind.
1093 1773 1141 1839 Ol.
1153 1775 1261 1841 V121.
1281 1777 1474 1841 διαστᾶσα

165 1874 242 1958 hyr}
262 1872 393 1952 ἐδέξατο
411 1925 417 1938 .
434 1925 440 1937 .
455 1873 492 1938 ἐν
506 1871 644 1960 Ὠρωπῷ
665 1874 707 1937 ib.
728 1874 778 1937 18.
815 1872 943 1956 λέγεται
958 1925 964 1936 .
981 1923 988 1936 .
1003 1874 1163 1956 φεύγοντι
1188 1873 1223 1938 ἐκ
1244 1878 1365 1958 Θηβῶν
1387 1877 1474 1939 δια-

166 1981 304 2055 στῆναι
337 1973 398 2053 τὴν
429 1980 501 2054 γῆν
534 1971 627 2035 Paua.
653 1970 668 2035 I
692 1971 744 2055 34,
764 1972 793 2035 2.
838 1969 969 2048 ἐδέξατο
1006 1970 1169 2056 §oyciac
1212 1975 1341 2054 Θηβαία
1381 1976 1474 2049 κόνις

167 2069 316 2154 Sophocl.
340 2092 390 2153 ap.
411 2068 515 2134 Strab.
535 2068 581 2132 IX
603 2070 631 2152 l,
645 2070 688 2132 22
708 2093 738 2153 p.
753 2068 827 2132 399.
855 2071 876 2133 δ
881 2071 925 2145 og
952 2071 1033 2133 κατὰ
1062 2067 1146 2152 [τῆς]
1174 2077 1234 2152 γῆς
1257 2067 1391 2134 Aristid.
1406 2074 1427 2133 t.
1442 2069 1474 2134 H

165 2192 195 2252 p.
207 2169 259 2252 88,
269 2168 312 2231 29
326 2168 417 2252 Κοί1;
435 2167 486 2232 vel
501 2169 562 2231 hoc
581 2168 619 2232 de
638 2167 838 2250 Trophonio:
857 2170 1021 2250 σπήλαιον
1036 2218 1042 2230 .
1059 2167 1266 2231 ,ὑπελθών
1284 2166 1383 2231 schol.
1398 2167 1473 2232 Luc.

166 2266 238 2330 dial.
253 2270 347 2330 mort.
363 2264 421 2329 31.
459 2264 547 2341 Quae
562 2288 634 2329 oum
648 2266 792 2330 conferas
812 2288 885 2329 cum
899 2264 1012 2328 Basilii
1031 2265 1224 2349 narratione,
1243 2287 1349 2328 nonne
1371 2265 1474 2329 elucet

167 2363 411 2428 similitudinem
445 2363 549 2428 inesse
581 2363 776 2427 maximam?
820 2362 933 2447 Itaque
962 2366 1104 2426 sanctam
1136 2362 1288 2427 Theclam
1316 2367 1473 2428 remotam

165 2466 359 2546 putaverunt
384 2463 442 2526 sub
467 2466 594 2546 terram,
618 2462 673 2526 ubi
697 2463 820 2526 viveret
842 2466 937 2545 atque
957 2461 1137 2525 curationes
1157 2460 1332 2545 praeberet.
1365 2460 1473 2545 Atque

166 2562 249 2626 sicut
272 2561 501 2626 ohthoniorum
524 2561 656 2625 deorum
676 2564 803 2624 antrum
824 2560 915 2642 quasi
935 2558 1134 2623 domicilium
1154 2581 1264 2623 eorum
1286 2559 1473 2646 habebatur,

165 2660 221 2723 ubi
244 2664 458 2745 versarentur,
481 2682 613 2743 prorsus
637 2659 748 2722 eodem
771 2659 867 2723 modo
891 2656 1010 2722 Thecla
1037 2658 1072 2721 in
1100 2662 1192 2721 antro
1222 2659 1360 2742 quodam
1384 2658 1474 2722 habi-

164 2765 232 2824 tare
261 2758 457 2823 credebatur.
487 2760 526 2822 cf.
552 2758 701 2842 21,196;
731 2769 795 2833 τοῖς
824 2766 909 2840 γοῦν
939 2756 957 2821 ὁ
988 2758 1036 2832 είς
1065 2757 1151 2820 νεὼν
1180 2758 1324 2838 βαδίζων
1354 2779 1388 2821 τε
1418 2755 1473 2822 καί

165 2858 342 2941 εὐχόμενος
365 2857 489 2932 εὐθὺς
511 2853 566 2920 καί
590 2853 639 2920 ἐπ’
668 2855 774 2920 ἐκεῖνο
798 2853 926 2940 τρέχει
956 2856 993 2919 τὸ
1017 2856 1179 2941 ἄντρον,
1208 2856 1253 2931 ὡς
1275 2854 1317 2919 δν
1340 2853 1395 2920 καὶ
1419 2855 1476 2920 ἐντί

164 2980 239 3020 τινα
262 2958 525 3019 κοιτωνίσκον
549 2955 667 3018 λοιπὸν
689 2951 744 3017 καὶ
768 2954 950 3036 θάλαμον
973 2955 1091 3018 ἔνδον
1119 2955 1258 3037 ἔχοντα
1285 2953 1356 3036 τὴν
1377 2975 1472 3037 παρ-

164 3052 295 3117 θένον.
328 3050 410 3135 φασί
443 3055 502 3115 καί
530 3076 618 3128 τινες
649 3053 694 3115 τὰ
730 3056 893 3115 πλείστα
925 3048 979 3114 καὶ
1017 3048 1058 3114 ἐν
1091 3051 1215 3137 τούτῳ
1249 3052 1473 3135 διατρίβειν

165 3147 330 3235 oozam).
377 3146 500 3223 Quibus
524 3148 664 3232 cognitis
688 3147 775 3210 illius
804 3168 930 3228 quoque
958 3147 1109 3228 martyris
1137 3146 1331 3211 christianae
1357 3151 1473 3210 natura

165 3250 385 3330 quantumque
409 3268 428 3308 a
450 3250 595 3310 veterum
622 3267 822 3329 paganorum
852 3242 1104 3329 cogitationibus
1131 3244 1269 3326 pendeat
1296 3245 1374 3307 satis
1402 3266 1472 3328 per-

165 3345 307 3429 spicitur.
353 3342 438 3407 lllud
470 3346 597 3407 tantum
604 3394 612 3427 ,
645 3342 732 3426 quod
761 3343 846 3405 haud
876 3343 968 3425 parui
997 3342 1125 3405 videtur
1153 3342 1322 3427 momenti,
1357 3343 1473 3406 aeriter

165 3443 262 3507 velim
296 3442 493 3506 attendatur:
522 3440 630 3505 omnia
659 3464 678 3503 a
705 3440 828 3505 Basilio
860 3441 961 3504 relata
987 3461 1053 3504 non
1084 3439 1203 3504 litteris
1235 3440 1296 3504 niti
1329 3441 1383 3504 scd
1415 3463 1473 3524 per

166 3541 271 3623 ipsum
301 3540 433 3625 vulgata
462 3539 561 3604 fuisse
591 3540 761 3625 populum,
789 3539 845 3622 qui
872 3540 906 3602 in
937 3538 1093 3603 eiusmodi
1123 3538 1219 3603 rebus
1246 3539 1372 3603 fidelius
1400 3560 1473 3604 con-

165 3642 270 3702 servat
294 3638 434 3723 antiqua.

683 3797 712 3862 5.
741 3797 951 3882 Therapon.

256 3913 411 3990 Quintum
448 3915 673 4001 subiungimus
711 3915 825 3979 ceteris
863 3915 981 3980 sanctis
1019 3914 1271 3999 Therapontem,
1307 3915 1471 3980 hominem

163 4033 283 4077 novum
308 4018 403 4096 atque
427 4015 480 4099 iis,
509 4013 564 4097 qui
595 4013 633 4076 de
663 4011 868 4077 incubatione
896 4018 1031 4099 egerunt
1057 4035 1189 4098 prorsus
1219 4013 1376 4099 ignotum.
1422 4014 1471 4079 De

163 4112 231 4175 vita
256 4111 323 4175 eins
346 4134 412 4176 non
434 4112 496 4177 nisi
519 4134 621 4197 pauca
644 4108 840 4198 constantl),
863 4133 1056 4195 quamquam
1084 4111 1221 4176 encomii
1249 4116 1361 4177 auctor
1383 4135 1472 4196 prae

163 4208 310 4274 tereundi
334 4211 438 4274 forma
465 4233 542 4275 usns
569 4210 708 4295 patriam
736 4231 837 4294 genna
865 4210 950 4274 facta
977 4209 1073 4274 huius
1101 4210 1253 4293 martyris
1281 4210 1359 4273 adeo
1387 4211 1472 4274 inter

254 4407 280 4476 1)
300 4403 361 4469 Qua
378 4421 442 4458 curn
460 4420 489 4458 re
510 4402 605 4471 aliquo
619 4404 703 4458 modo
717 4403 865 4458 cohaerere
880 4401 1017 4471 videntur,
1033 4419 1105 4471 quae
1119 4403 1154 4458 de
1168 4400 1233 4456 viva
1248 4401 1340 4456 adhuc
1354 4418 1470 4457 narran-

164 4489 211 4540 tur
230 4485 347 4552 Thecla,
370 4484 401 4539 in
419 4487 500 4539 antro
524 4483 632 4538 seilicet
654 4501 717 4538 eam
740 4483 885 4538 habitasse
907 4500 994 4553 prope
1019 4482 1186 4552 Seleuciam,
1206 4501 1230 4536 v.
1250 4483 1322 4537 Acta
1340 4482 1423 4536 Pauli
1442 4486 1471 4538 et

164 4566 285 4621 Theclae
299 4566 359 4620 cod.
375 4566 405 4619 M
418 4583 445 4634 p.
457 4570 562 4637 acesto.
582 4564 660 4619 ABG
679 4583 705 4634 p.
721 4569 781 4618 270,
796 4563 834 4618 ib.
850 4582 872 4619 c.
883 4569 977 4634 45,10.
998 4563 1058 4634 Gp.
1070 4569 1130 4618 271.
1151 4562 1217 4617 Sim.
1228 4562 1368 4633 Metaphr.
1379 4582 1405 4633 p.
1417 4569 1470 4618 284

253 4649 280 4717 2)
298 4666 321 4702 v.
347 4644 480 4716 anonymi
507 4644 664 4699 encomium
691 4643 721 4698 in
753 4643 843 4699 sancti
870 4643 1081 4714 hieromartyris
1110 4642 1297 4715 Therapontis
1333 4642 1470 4698 miracula

163 4744 190 4795 p.
207 4732 257 4780 111
268 4744 327 4797 sqq.
348 4744 365 4782 a
382 4726 464 4781 nobis
483 4725 598 4780 editum.
