3294 5190
230 322 293 385 106
797 321 888 392 Caput
905 323 953 379 lV.

226 488 368 571 μευνίηι
391 486 607 568 διενεγκοῦσα
630 485 733 572 ῥᾷστα
755 488 869 572 κόρρω
892 484 1018 570 ἠνέχθη
1034 486 1101 551 ’καὶ
1129 498 1189 553 τοῦ
1219 490 1404 572 νοσήματος
1432 488 1536 575 ίιρρή-

226 608 290 660 τως
319 585 531 669 ἰατρευθεῖσα
560 586 649 669 παρὰ
678 593 739 648 τοῦ
768 585 943 670 μάρτυρος.
988 584 1088 648 Vides
1119 585 1274 649 ieiunium
1304 609 1432 670 quoque
1460 608 1535 651 cum

226 686 388 768 χαμευνίᾳ
410 682 616 746 coniunctum
640 681 748 766 fuisse,
770 682 809 745 cf.
828 705 858 765 p.
876 682 971 766 14sq.
1009 682 1137 748 Tertius
1157 684 1225 749 dies
1243 683 1297 748 hic
1316 707 1444 768 quoque
1468 687 1535 749 vim

227 781 387 864 quandam
411 779 562 844 exhibere
585 779 721 864 videtur,
744 781 783 843 cf.
809 781 860 864 18,
876 781 971 865 12133
997 803 1083 845 nono
1107 782 1158 846 die
1185 786 1316 846 sanatur
1343 781 1537 849 Anastasius

228 878 359 962 quidam
383 877 450 965 (15,
464 875 515 964 ὃ),
538 877 700 942 tricesimo
728 877 916 943 Theodorus
946 879 1142 963 paralyticus
1155 877 1235 966 (16,
1251 878 1315 967 13).
1361 879 1408 946 Ut
1432 883 1536 947 ceteri

227 977 328 1039 sancti
347 1000 366 1039 a
379 976 474 1040 nobis
491 976 630 1060 tractati,
650 976 696 1039 ita
714 976 810 1041 etiam
824 976 995 1061 Therapon
1009 977 1164 1061 superbos
1180 978 1291 1064 punit;
1306 980 1350 1045 et
1363 979 1535 1065 22,1sqq.,

226 1074 283 1137 ubi
306 1073 421 1138 mulier
444 1075 613 1158 quaedam,
642 1095 723 1156 quae
747 1073 853 1138 infans
881 1098 900 1138 a
927 1075 1081 1140 daemom
1107 1080 1259 1141 rentum
1287 1076 1396 1141 irrisui
1426 1077 1536 1162 habet,

224 1172 266 1234 ab
289 1172 401 1236 eodem
424 1173 578 1238 daemone
600 1176 783 1257 occupatur.
806 1212 848 1221 -
871 1173 1016 1238 Ministri
1039 1173 1152 1258 templi
1181 1197 1317 1258 quorum
1342 1176 1376 1239 in
1398 1198 1535 1241 numero

226 1273 386 1355 πρόσμων
421 1270 477 1334 ille
512 1270 678 1335 habendus
715 1275 777 1355 est,
814 1271 870 1355 qui
908 1270 1083 1357 Georgium
1125 1277 1293 1359 aegrotum
1330 1274 1401 1338 oleo
1439 1275 1535 1359 ungit

227 1366 293 1452 (16,
309 1367 410 1454 9sq.),
434 1369 474 1432 ab
498 1368 684 1432 hominibus
707 1369 762 1452 qui
782 1369 815 1433 in
839 1391 928 1433 sacro
947 1370 1157 1434 versabantur
1175 1371 1277 1434 adiuti
1296 1394 1365 1436 esse
1383 1372 1537 1436 videntur

226 1464 294 1551 (15,
311 1465 430 1550 lsqq.).
478 1465 666 1532 Curationes
694 1489 935 1551 nonnumquam
963 1468 1083 1533 tabidis
1112 1468 1285 1553 inscriptae
1312 1471 1537 1553 proponeban-

226 1568 287 1647 tur,
312 1566 349 1628 cf.
370 1586 451 1648 quae
475 1566 514 1629 de
536 1564 668 1629 Florino
700 1567 749 1651 12,
763 1567 806 1629 22
815 1588 860 1649 sq.
889 1567 1053 1630 dicuntur:
1082 1575 1142 1631 τοῦ
1170 1591 1204 1631 τε
1233 1570 1365 1644 πάθους
1391 1566 1448 1632 καὶ
1478 1577 1537 1652 τῆς

225 1662 418 1749 ἐλευθερίας
435 1665 495 1728 τὸν
512 1666 682 1747 θρίαμβον
701 1663 882 1749 ἐγκηροις
906 1663 1155 1748 ε’στηλίτενσε
1178 1664 1347 1743 πίναξιν.
1384 1664 1536 1732 Occurrit

225 1762 362 1844 denique
385 1762 455 1844 ipsa
474 1784 537 1825 vox
554 1765 812 1827 κατακλίνεσθαι
831 1759 874 1847 (v.
893 1786 923 1846 p.
940 1762 1028 1849 lsq.)
1055 1763 1138 1845 12,l
1164 1760 1371 1849 (κατεκλίθη)
1392 1767 1425 1827 et
1446 1765 1536 1848 18,2

225 1857 567 1946 (κατακλινομένους);
599 1860 638 1923 cf.
661 1857 820 1942 κατετέθη
856 1860 910 1944 16,
934 1860 1015 1944 lasa.
1071 1860 1151 1924 Cum
1186 1862 1241 1944 19,
1257 1862 1289 1926 7:
1325 1862 1366 1926 οὐ
1398 1868 1537 1928 πολλῶν

224 1959 473 2043 τροσεδριῶν
497 1957 629 2042 ἐδεήθη,
653 1959 691 2022 cf.
711 1982 740 2041 p.
758 1958 848 2039 70,3.

316 2056 415 2120 Vides
438 2056 539 2142 igitur
563 2057 596 2119 in
620 2056 756 2141 singulis
783 2079 909 2140 quoque
936 2056 1151 2140 Therapontis
1178 2057 1332 2122 miracula
1359 2081 1433 2123 cum
1458 2059 1537 2145 Cyri

225 2159 256 2218 et
279 2152 409 2219 Ioannis
433 2154 485 2218 vel
508 2153 641 2219 Cosmae
664 2158 696 2218 et
719 2155 869 2219 Damiani
885 2154 1049 2219 miraculis
1072 2156 1266 2240 consentire,
1288 2161 1384 2240 atque
1409 2160 1535 2242 optimo

224 2253 294 2316 iure
318 2256 441 2335 martyr
471 2251 526 2315 ille
557 2252 590 2315 in
618 2275 728 2316 eorum
756 2257 939 2317 sanctorum
965 2275 1134 2316 numerum
1164 2255 1276 2317 referri
1304 2259 1425 2340 potest,
1453 2279 1536 2340 quos

226 2373 283 2434 per
313 2350 552 2415 incubationem
580 2350 711 2416 adibant
741 2352 873 2436 aegroti.
917 2351 1030 2434 Neque
1058 2374 1133 2416 vero
1164 2352 1198 2415 in
1227 2352 1289 2417 hoc
1318 2353 1407 2417 cultu
1438 2355 1536 2419 deum

228 2450 387 2533 quendam
410 2449 574 2514 ethnicum
597 2471 766 2533 possumus
791 2450 946 2535 invenire,
970 2449 1021 2513 cui
1051 2453 1179 2514 sanctus
1207 2451 1401 2515 christianus
1429 2475 1536 2518 succe-

225 2549 323 2632 deret,
347 2548 430 2613 sieut
457 2548 623 2612 Dioscuris
652 2548 783 2613 Cosmas
806 2551 838 2613 et
861 2549 1050 2634 Damianus3
1078 2549 1129 2612 cui
1157 2548 1203 2611 rei
1231 2548 1429 2634 indagandae
1456 2574 1537 2616 ansa

225 2669 265 2710 ne
293 2646 426 2710 minima
459 2646 589 2730 quidem
620 2647 800 2730 praebetur.
846 2646 960 2711 Restat
991 2651 1028 2711 ut
1061 2669 1124 2730 qua
1155 2647 1189 2711 in
1220 2647 1351 2732 regione
1383 2648 1535 2732 Byzantii

225 2743 438 2828 Therapontis
462 2766 588 2808 sacrum
611 2744 772 2809 exstiterit
796 2767 984 2829 quaeramus
1011 2767 1071 2809 nec
1097 2768 1163 2809 non
1191 2746 1230 2810 de
1258 2744 1392 2811 Cosmae
1416 2751 1447 2811 et
1472 2748 1536 2812 Da·

225 2843 325 2905 miani
348 2841 461 2925 templi
488 2842 553 2906 situ
576 2843 731 2908 nonnulla
760 2844 926 2926 addamus,
955 2866 1036 2927 quae
1064 2843 1125 2908 hoc
1154 2843 1225 2909 loco
1255 2843 1400 2928 proferre
1429 2846 1536 2931 magis

226 2940 408 3005 existimavi
430 2940 589 3006 idoneum.

314 3038 460 3103 Duorum
474 3040 569 3105 nobis
589 3045 759 3105 occurnmt
778 3040 813 3104 in
831 3039 1044 3123 Therapontis
1063 3040 1208 3104 encomio
1227 3040 1371 3104 locorum
1388 3041 1535 3108 nomina:

224 3137 421 3202 Blachernae
454 3143 486 3203 et
517 3138 616 3203 Elaea
653 3137 725 3225 (12,
745 3140 774 3203 2.
800 3137 864 3225 10).
917 3137 1066 3202 Florinus
1103 3137 1235 3202 Italicus
1269 3160 1288 3201 a
1324 3139 1535 3204 daemonibus

225 3241 359 3301 vexatus
383 3237 468 3301 circa
491 3259 619 3301 murum
641 3237 901 3320 Blachernarum,
925 3258 997 3300 cum
1021 3237 1156 3320 desuper
1184 3237 1218 3300 in
1245 3241 1364 3300 terram
1392 3259 1426 3301 se
1450 3244 1536 3304 esset

224 3336 503 3420 praecipitaturus,
526 3340 638 3419 captus
662 3335 696 3399 in
718 3334 932 3418 Therapontis
956 3357 1090 3418 sacrum,
1108 3340 1145 3399 ut
1173 3358 1269 3420 supra
1293 3333 1337 3421 (p.
1359 3333 1436 3422 105)
1461 3357 1536 3402 con-

225 3434 387 3516 clusimus,
411 3434 565 3497 deductus
589 3437 644 3497 est.
691 3434 873 3518 Perlegenti
896 3433 957 3497 tibi
981 3433 1171 3497 miraculum
1189 3433 1269 3497 illud
1291 3433 1430 3497 elucebit
1452 3457 1536 3498 mar·

225 3531 308 3615 tyris
340 3531 497 3614 templum
529 3532 615 3595 haud
645 3531 785 3596 multum
816 3555 835 3594 a
865 3554 956 3595 muro
987 3531 1113 3596 afuisse.
1161 3530 1242 3595 Cum
1276 3554 1351 3597 vero
1381 3533 1536 3617 martyris

225 3629 380 3713 reliquiae
409 3629 442 3692 in
479 3630 636 3713 Deiparae
670 3651 760 3694 sacro
797 3630 943 3694 conditae
981 3651 1048 3693 esse
1086 3628 1278 3716 dicantur1),
1319 3629 1536 3695 clarissimum

226 3727 478 3792 Blachernarum
502 3750 627 3792 sacrum
651 3727 902 3813 intellegendum
926 3750 994 3792 esse
1020 3729 1208 3812 putaverim.
1254 3727 1303 3792 De
1331 3727 1432 3792 altero
1461 3729 1536 3793 loco

226 3826 366 3891 iudicare
390 3826 535 3892 difficile:
559 3827 643 3891 idem
667 3826 817 3890 Florinus
836 3848 893 3910 per
912 3849 1059 3891 somnum
1078 3850 1096 3890 a
1116 3831 1226 3906 sancto
1244 3826 1331 3891 huno
1349 3824 1382 3889 in
1401 3826 1537 3890 modum

226 3926 429 3991 admonetur:
452 3927 536 4011 πρὸς
558 3926 618 3990 τὸν
641 3924 817 4011 εὐκτήριον
841 3920 934 3990 οἷκον
952 3935 1009 4009 τῆς
1031 3926 1238 4010 Θεομητορος
1257 3925 1339 4008 ἵεσο,
1362 3924 1454 4000 ὅστις
1477 3934 1537 4008 τῆς

219 4023 353 4101 Ἐλαίας
380 4025 675 4110 προσονομάζεται·
703 4024 824 4088 αὐτόθι
851 4023 932 4110 γάρ,
959 4028 1077 4108 φησίν,
1112 4024 1235 4109 ἰαθήση
1264 4030 1324 4088 τοῦ
1350 4023 1536 4106 πτώματος.

226 4123 386 4188 Exstabat
409 4145 484 4188 sane
508 4122 698 4187 suburbium
720 4121 820 4187 Elaea
842 4122 928 4186 ultra
947 4121 1052 4185 sinum
1076 4118 1217 4207 situml),
1239 4120 1296 4185 ubi
1319 4119 1416 4185 ctiam
1439 4143 1537 4186 mons

316 4327 342 4394 1)
360 4327 472 4380 τουτονὶ
491 4326 541 4380 τὸν
558 4333 607 4396 τῆς
628 4323 768 4382 Θεοτόκου
787 4326 858 4380 νεὼν
878 4321 1057 4391 ἐκλεξάμενος
1075 4329 1175 4390 10,17.

314 4410 341 4474 2)
361 4407 392 4460 ἐν
416 4406 532 4480 οὐδεμιᾷ
556 4404 587 4460 δὲ
609 4416 665 4462 τῶν
690 4405 768 4470 ἐντὸς
794 4413 843 4476 τῆς
867 4403 972 4466 πόλεως
995 4404 1144 4473 ἐκκλησιῶν
1168 4401 1295 4459 ἐτέτακτο
1320 4405 1368 4472 (sc.
1388 4400 1540 4468 Σισίννιος

225 4486 427 4557 πρεσβύτερος),
446 4484 505 4540 ἀλλ’
528 4487 558 4542 ἐν
576 4485 731 4559 προαστείῳ
745 4495 794 4556 της
811 4481 1139 4552 Κωνσταντινοοτόλεως,
1154 4475 1175 4556 ᾦ
1192 4484 1339 4551 ἐπώνυμον
1354 4475 1465 4553 Ἐλαία,
1483 4485 1540 4555 τὴν

226 4566 378 4637 ἱερωσύνην
402 4565 583 4636 ἐκεκλήρωτο,
608 4565 676 4637 ’ὅπερ
699 4565 870 4633 καταντικρὺ
893 4562 943 4633 μὲν
967 4573 1056 4620 κεῖται
1078 4573 1127 4634 τῆς
1149 4562 1254 4626 πόλεως
1280 4564 1354 4618 Socr.
1378 4563 1446 4618 hist.
1468 4566 1539 4620 eccl.

224 4646 372 4716 vrinae.
393 4647 516 4702 -Cum
540 4647 653 4702 nomine
678 4647 712 4700 cf.
739 4642 832 4701 Σοκαί
858 4643 1036 4715 suburbium,
1055 4644 1130 4715 quod
1154 4643 1224 4700 item
1253 4643 1329 4699 ultra
1354 4643 1448 4700 sinum
1474 4650 1542 4702 erat

226 4726 311 4782 situm
330 4727 424 4801 (hodie
443 4728 563 4798 Galata).
