<?xml version="1.0" encoding="UTF-8"?>
<!DOCTYPE html PUBLIC "-//W3C//DTD XHTML 1.0 Transitional//EN"
    "http://www.w3.org/TR/xhtml1/DTD/xhtml1-transitional.dtd">
<html xmlns="http://www.w3.org/1999/xhtml" xml:lang="en" lang="en">
 <head>
  <title>
</title>
<meta http-equiv="Content-Type" content="text/html;charset=utf-8" />
  <meta name='ocr-system' content='tesseract 3.04.00' />
  <meta name='ocr-capabilities' content='ocr_page ocr_carea ocr_par ocr_line ocrx_word'/>
</head>
<body>
  <div class='ocr_page' id='page_1' title='image "./deincubationeca00deubgoog_0147.png"; bbox 0 0 3294 5190; ppageno 0'>
   <div class='ocr_carea' id='block_1_1' title="bbox 197 317 1502 388">
    <p class='ocr_par' dir='ltr' id='par_1_1' title="bbox 197 317 1502 388">
     <span class='ocr_line' id='line_1_1' title="bbox 197 317 1502 388; baseline 0.002 -18"><span class='ocrx_word' id='word_1_1' title='bbox 197 320 261 383; x_wconf 85' lang='lat'><em>134</em></span> <span class='ocrx_word' id='word_1_2' title='bbox 677 317 817 372; x_wconf 74' lang='lat' dir='ltr'><strong>Laudatio</strong></span> <span class='ocrx_word' id='word_1_3' title='bbox 835 317 1021 388; x_wconf 75' lang='lat' dir='ltr'><strong>Therapontis</strong></span> <span class='ocrx_word' id='word_1_4' title='bbox 1358 323 1502 386; x_wconf 86' lang='grc'><em>28,1-21</em></span> 
     </span>
    </p>
   </div>
   <div class='ocr_carea' id='block_1_2' title="bbox 123 479 1505 2524">
    <p class='ocr_par' dir='ltr' id='par_1_2' title="bbox 148 479 1505 1352">
     <span class='ocr_line' id='line_1_2' title="bbox 148 479 1504 570; baseline 0.001 -23"><span class='ocrx_word' id='word_1_5' title='bbox 148 497 186 554; x_wconf 79' lang='grc'><em>28</em></span> <span class='ocrx_word' id='word_1_6' title='bbox 286 485 361 548; x_wconf 99' lang='grc' dir='ltr'><em>δότε</em></span> <span class='ocrx_word' id='word_1_7' title='bbox 388 483 509 569; x_wconf 90' lang='grc' dir='ltr'><em>μικρὸν</em></span> <span class='ocrx_word' id='word_1_8' title='bbox 535 484 584 548; x_wconf 81' lang='grc' dir='ltr'><em>ἔτι</em></span> <span class='ocrx_word' id='word_1_9' title='bbox 682 490 948 567; x_wconf 75' lang='grc' dir='ltr'><em>κατεντρυφῆσαι</em></span> <span class='ocrx_word' id='word_1_10' title='bbox 976 490 1022 570; x_wconf 88' lang='grc' dir='ltr'><em>τῷ</em></span> <span class='ocrx_word' id='word_1_11' title='bbox 1050 479 1178 570; x_wconf 76' lang='grc' dir='ltr'><em>ᾅσματι,</em></span> <span class='ocrx_word' id='word_1_12' title='bbox 1268 480 1439 570; x_wconf 76' lang='grc' dir='ltr'><strong><em>συνᾳδέτω</em></strong></span> <span class='ocrx_word' id='word_1_13' title='bbox 1465 479 1504 549; x_wconf 69' lang='grc' dir='ltr'><em>δὲ</em></span> 
     </span>
     <span class='ocr_line' id='line_1_3' title="bbox 197 578 1503 667; baseline 0.001 -22"><span class='ocrx_word' id='word_1_14' title='bbox 197 593 260 656; x_wconf 81' lang='grc' dir='ltr'><em>πᾶς</em></span> <span class='ocrx_word' id='word_1_15' title='bbox 283 578 356 664; x_wconf 77' lang='grc' dir='ltr'><em>ἐμοὶ</em></span> <span class='ocrx_word' id='word_1_16' title='bbox 401 578 455 645; x_wconf 79' lang='grc' dir='ltr'><em>καὶ</em></span> <span class='ocrx_word' id='word_1_17' title='bbox 480 579 690 664; x_wconf 86' lang='grc' dir='ltr'><em>άνακρουέτω</em></span> <span class='ocrx_word' id='word_1_18' title='bbox 713 581 839 665; x_wconf 79' lang='grc' dir='ltr'><em>χορδὴν</em></span> <span class='ocrx_word' id='word_1_19' title='bbox 863 579 900 645; x_wconf 80' lang='grc' dir='ltr'><em>ἐν</em></span> <span class='ocrx_word' id='word_1_20' title='bbox 929 581 1049 667; x_wconf 79' lang='grc' dir='ltr'><strong><em>κινύρᾳ</em></strong></span> <span class='ocrx_word' id='word_1_21' title='bbox 1076 589 1137 646; x_wconf 89' lang='grc' dir='ltr'><em>τοῦ</em></span> <span class='ocrx_word' id='word_1_22' title='bbox 1164 582 1362 665; x_wconf 85' lang='grc' dir='ltr'><em>πνεύματος·</em></span> <span class='ocrx_word' id='word_1_23' title='bbox 1407 605 1503 667; x_wconf 82' lang='grc' dir='ltr'><em>χαρι-</em></span> 
     </span>
     <span class='ocr_line' id='line_1_4' title="bbox 195 673 1504 766; baseline 0.001 -23"><span class='ocrx_word' id='word_1_24' title='bbox 195 681 350 762; x_wconf 91' lang='grc' dir='ltr'><em>στηρίους</em></span> <span class='ocrx_word' id='word_1_25' title='bbox 379 676 467 766; x_wconf 79' lang='grc' dir='ltr'><em>ᾠδάς</em></span> <span class='ocrx_word' id='word_1_26' title='bbox 498 678 729 762; x_wconf 90' lang='grc' dir='ltr'><em>άνατείνωμεν.</em></span> <span class='ocrx_word' id='word_1_27' title='bbox 847 677 865 743; x_wconf 99' lang='lat'>6</span> <span class='ocrx_word' id='word_1_28' title='bbox 892 675 954 763; x_wconf 71' lang='grc' dir='ltr'><em>μέν</em></span> <span class='ocrx_word' id='word_1_29' title='bbox 984 680 1048 765; x_wconf 84' lang='grc' dir='ltr'><em>γὰρ</em></span> <span class='ocrx_word' id='word_1_30' title='bbox 1080 687 1202 763; x_wconf 75' lang='grc' dir='ltr'><em>ψυχῆς,</em></span> <span class='ocrx_word' id='word_1_31' title='bbox 1233 677 1252 743; x_wconf 90' lang='lat'>6</span> <span class='ocrx_word' id='word_1_32' title='bbox 1281 673 1318 743; x_wconf 69' lang='grc' dir='ltr'><em>δὲ</em></span> <span class='ocrx_word' id='word_1_33' title='bbox 1349 679 1504 764; x_wconf 82' lang='grc' dir='ltr'><em>σώματος</em></span> 
     </span>
     <span class='ocr_line' id='line_1_5' title="bbox 194 772 1504 862; baseline 0.002 -22"><span class='ocrx_word' id='word_1_34' title='bbox 194 776 304 853; x_wconf 89' lang='grc' dir='ltr'><em>πάθος</em></span> <span class='ocrx_word' id='word_1_35' title='bbox 326 775 582 862; x_wconf 80' lang='grc' dir='ltr'><em>εὐθυδρομήσας</em></span> <span class='ocrx_word' id='word_1_36' title='bbox 605 775 727 841; x_wconf 83' lang='grc' dir='ltr'><em>ἐνθάδε</em></span> <span class='ocrx_word' id='word_1_37' title='bbox 751 775 921 862; x_wconf 79' lang='grc' dir='ltr'><em>διέφυγεν,</em></span> <span class='ocrx_word' id='word_1_38' title='bbox 967 774 985 840; x_wconf 99' lang='lat'>6</span> <span class='ocrx_word' id='word_1_39' title='bbox 1009 772 1046 841; x_wconf 71' lang='grc' dir='ltr'><em>δὲ</em></span> <span class='ocrx_word' id='word_1_40' title='bbox 1068 773 1124 840; x_wconf 83' lang='grc' dir='ltr'><em>καὶ</em></span> <span class='ocrx_word' id='word_1_41' title='bbox 1146 787 1214 841; x_wconf 84' lang='grc' dir='ltr'><em>τῶν</em></span> <span class='ocrx_word' id='word_1_42' title='bbox 1236 774 1362 855; x_wconf 79' lang='grc' dir='ltr'><em>ἔξωθεν</em></span> <span class='ocrx_word' id='word_1_43' title='bbox 1385 776 1504 862; x_wconf 85' lang='grc' dir='ltr'><em>ένδεὴς</em></span> 
     </span>
     <span class='ocr_line' id='line_1_6' title="bbox 174 872 1462 962; baseline -0.001 -21"><span class='ocrx_word' id='word_1_44' title='bbox 174 875 342 957; x_wconf 81' lang='grc' dir='ltr'><em>εγεγονὼς</em></span> <span class='ocrx_word' id='word_1_45' title='bbox 365 876 471 962; x_wconf 82' lang='grc' dir='ltr'><em>τούτῳ</em></span> <span class='ocrx_word' id='word_1_46' title='bbox 493 876 783 962; x_wconf 80' lang='grc' dir='ltr'><em>προσκαρτερήσας</em></span> <span class='ocrx_word' id='word_1_47' title='bbox 805 882 850 962; x_wconf 87' lang='grc' dir='ltr'><em>τῷ</em></span> <span class='ocrx_word' id='word_1_48' title='bbox 873 877 956 962; x_wconf 86' lang='grc' dir='ltr'><em>θείῷ</em></span> <span class='ocrx_word' id='word_1_49' title='bbox 980 875 1071 962; x_wconf 85' lang='grc' dir='ltr'><em>δόμῷ</em></span> <span class='ocrx_word' id='word_1_50' title='bbox 1094 883 1154 939; x_wconf 88' lang='grc' dir='ltr'><em>τοῦ</em></span> <span class='ocrx_word' id='word_1_51' title='bbox 1178 872 1313 952; x_wconf 77' lang='grc' dir='ltr'><em>δέοντος</em></span> <span class='ocrx_word' id='word_1_52' title='bbox 1335 877 1462 960; x_wconf 78' lang='grc' dir='ltr'><em>ἔτυχεν.</em></span> 
     </span>
     <span class='ocr_line' id='line_1_7' title="bbox 197 969 1504 1059; baseline 0.002 -22"><span class='ocrx_word' id='word_1_53' title='bbox 197 971 217 1054; x_wconf 85' lang='grc' dir='ltr'><em>ἡ</em></span> <span class='ocrx_word' id='word_1_54' title='bbox 246 970 350 1058; x_wconf 79' lang='grc' dir='ltr'><em>ἡμέρα</em></span> <span class='ocrx_word' id='word_1_55' title='bbox 379 971 462 1056; x_wconf 82' lang='grc' dir='ltr'><em>αὕτη</em></span> <span class='ocrx_word' id='word_1_56' title='bbox 489 973 668 1057; x_wconf 88' lang='grc' dir='ltr'><em>μαρτύρων</em></span> <span class='ocrx_word' id='word_1_57' title='bbox 697 975 893 1056; x_wconf 80' lang='grc' dir='ltr'><em>πανήγυρις,</em></span> <span class='ocrx_word' id='word_1_58' title='bbox 973 972 1145 1056; x_wconf 80' lang='grc' dir='ltr'><em>πάνδημος</em></span> <span class='ocrx_word' id='word_1_59' title='bbox 1175 969 1270 1058; x_wconf 80' lang='grc' dir='ltr'><em>ἑορτὴ</em></span> <span class='ocrx_word' id='word_1_60' title='bbox 1300 983 1368 1038; x_wconf 85' lang='grc' dir='ltr'><em>τῶν</em></span> <span class='ocrx_word' id='word_1_61' title='bbox 1397 972 1504 1059; x_wconf 88' lang='grc' dir='ltr'><em>ὀρθο-</em></span> 
     </span>
     <span class='ocr_line' id='line_1_8' title="bbox 195 1067 1504 1157; baseline 0.002 -23"><span class='ocrx_word' id='word_1_62' title='bbox 195 1067 303 1148; x_wconf 82' lang='grc' dir='ltr'><em>δόξων</em></span> <span class='ocrx_word' id='word_1_63' title='bbox 326 1069 506 1147; x_wconf 86' lang='grc' dir='ltr'><em>συνέστιος.</em></span> <span class='ocrx_word' id='word_1_64' title='bbox 551 1069 651 1153; x_wconf 84' lang='grc' dir='ltr'><em>βάλλε</em></span> <span class='ocrx_word' id='word_1_65' title='bbox 669 1093 726 1154; x_wconf 94' lang='grc' dir='ltr'><em>μοι</em></span> <span class='ocrx_word' id='word_1_66' title='bbox 745 1081 812 1135; x_wconf 84' lang='grc' dir='ltr'><em>τῶν</em></span> <span class='ocrx_word' id='word_1_67' title='bbox 827 1072 1089 1153; x_wconf 73' lang='grc' dir='ltr'><em>Παναθηναίων,</em></span> <span class='ocrx_word' id='word_1_68' title='bbox 1107 1081 1175 1134; x_wconf 83' lang='grc' dir='ltr'><em>τῶν</em></span> <span class='ocrx_word' id='word_1_69' title='bbox 1188 1068 1265 1155; x_wconf 87' lang='grc' dir='ltr'><em>&lt;τε&gt;</em></span> <span class='ocrx_word' id='word_1_70' title='bbox 1273 1068 1423 1157; x_wconf 86' lang='grc' dir='ltr'><em>Ἡραίων</em></span> <span class='ocrx_word' id='word_1_71' title='bbox 1445 1071 1504 1137; x_wconf 82' lang='grc' dir='ltr'><em>καὶ</em></span> 
     </span>
     <span class='ocr_line' id='line_1_9' title="bbox 195 1165 1505 1254; baseline 0.002 -22"><span class='ocrx_word' id='word_1_72' title='bbox 195 1169 408 1253; x_wconf 79' lang='grc' dir='ltr'><em>Δημητρίων,</em></span> <span class='ocrx_word' id='word_1_73' title='bbox 429 1170 679 1254; x_wconf 81' lang='grc' dir='ltr'><em>Θεσμοφορίων,</em></span> <span class='ocrx_word' id='word_1_74' title='bbox 693 1165 919 1251; x_wconf 87' lang='grc' dir='ltr'><em>Ἐλευσινίων,</em></span> <span class='ocrx_word' id='word_1_75' title='bbox 932 1166 1147 1252; x_wconf 90' lang='grc' dir='ltr'><em>Ἀρτεμισίων</em></span> <span class='ocrx_word' id='word_1_76' title='bbox 1162 1167 1224 1252; x_wconf 86' lang='grc' dir='ltr'><em>[τε]</em></span> <span class='ocrx_word' id='word_1_77' title='bbox 1243 1166 1299 1232; x_wconf 82' lang='grc' dir='ltr'><em>καί</em></span> <span class='ocrx_word' id='word_1_78' title='bbox 1312 1167 1505 1253; x_wconf 81' lang='grc' dir='ltr'><em>Ὀλυμπίων</em></span> 
     </span>
     <span class='ocr_line' id='line_1_10' title="bbox 195 1263 1504 1352; baseline 0.002 -22"><span class='ocrx_word' id='word_1_79' title='bbox 195 1266 235 1331; x_wconf 84' lang='grc' dir='ltr'><em>τὰ</em></span> <span class='ocrx_word' id='word_1_80' title='bbox 258 1267 411 1331; x_wconf 84' lang='grc' dir='ltr'><em>σκοτεινὰ</em></span> <span class='ocrx_word' id='word_1_81' title='bbox 433 1276 502 1331; x_wconf 84' lang='grc' dir='ltr'><em>τῶν</em></span> <span class='ocrx_word' id='word_1_82' title='bbox 525 1263 706 1349; x_wconf 85' lang='grc' dir='ltr'><em>ἕλληνικῶν</em></span> <span class='ocrx_word' id='word_1_83' title='bbox 729 1264 854 1348; x_wconf 80' lang='grc' dir='ltr'><em>ἑορτῶν</em></span> <span class='ocrx_word' id='word_1_84' title='bbox 881 1266 1078 1348; x_wconf 84' lang='grc' dir='ltr'><em>καταγώγια.</em></span> <span class='ocrx_word' id='word_1_85' title='bbox 1137 1265 1178 1331; x_wconf 85' lang='grc' dir='ltr'><em>οὐ</em></span> <span class='ocrx_word' id='word_1_86' title='bbox 1201 1267 1265 1351; x_wconf 84' lang='grc' dir='ltr'><em>γὰρ</em></span> <span class='ocrx_word' id='word_1_87' title='bbox 1288 1266 1504 1352; x_wconf 74' lang='grc' dir='ltr'><em>άντιπαρατί</em></span> 
     </span>
    </p>

    <p class='ocr_par' dir='ltr' id='par_1_3' title="bbox 161 1361 1504 1745">
     <span class='ocr_line' id='line_1_11' title="bbox 161 1361 1504 1452; baseline 0.001 -22"><span class='ocrx_word' id='word_1_88' title='bbox 161 1370 292 1430; x_wconf 80' lang='grc' dir='ltr'><em>ιοθεται</em></span> <span class='ocrx_word' id='word_1_89' title='bbox 328 1365 411 1450; x_wconf 89' lang='grc' dir='ltr'><em>πρὸς</em></span> <span class='ocrx_word' id='word_1_90' title='bbox 443 1362 590 1444; x_wconf 78' lang='grc' dir='ltr'><em>ἐξέτασιν</em></span> <span class='ocrx_word' id='word_1_91' title='bbox 679 1373 724 1452; x_wconf 89' lang='grc' dir='ltr'><em>τῷ</em></span> <span class='ocrx_word' id='word_1_92' title='bbox 766 1362 852 1449; x_wconf 79' lang='grc' dir='ltr'><em>φωτὶ</em></span> <span class='ocrx_word' id='word_1_93' title='bbox 893 1365 930 1428; x_wconf 92' lang='grc' dir='ltr'><em>τὸ</em></span> <span class='ocrx_word' id='word_1_94' title='bbox 972 1366 1088 1440; x_wconf 81' lang='grc' dir='ltr'><em>σκότος</em></span> <span class='ocrx_word' id='word_1_95' title='bbox 1124 1361 1179 1428; x_wconf 82' lang='grc' dir='ltr'><em>καὶ</em></span> <span class='ocrx_word' id='word_1_96' title='bbox 1212 1374 1282 1440; x_wconf 83' lang='grc' dir='ltr'><em>τοῖς</em></span> <span class='ocrx_word' id='word_1_97' title='bbox 1315 1363 1424 1447; x_wconf 82' lang='grc' dir='ltr'><em>ἁγίοις</em></span> <span class='ocrx_word' id='word_1_98' title='bbox 1460 1368 1504 1431; x_wconf 84' lang='grc' dir='ltr'><em>τά</em></span> 
     </span>
     <span class='ocr_line' id='line_1_12' title="bbox 195 1459 1504 1548; baseline 0.002 -22"><span class='ocrx_word' id='word_1_99' title='bbox 195 1467 360 1546; x_wconf 73' lang='grc' dir='ltr'><em>αἴσχιστα·</em></span> <span class='ocrx_word' id='word_1_100' title='bbox 428 1461 522 1546; x_wconf 77' lang='grc' dir='ltr'><em>ἡμῶν</em></span> <span class='ocrx_word' id='word_1_101' title='bbox 544 1464 607 1548; x_wconf 83' lang='grc' dir='ltr'><em>γάρ</em></span> <span class='ocrx_word' id='word_1_102' title='bbox 631 1462 830 1546; x_wconf 81' lang='grc' dir='ltr'><em>ἀναίμακτος</em></span> <span class='ocrx_word' id='word_1_103' title='bbox 897 1459 1066 1544; x_wconf 89' lang='grc' dir='ltr'><em>κάυαγυός</em></span> <span class='ocrx_word' id='word_1_104' title='bbox 1088 1485 1122 1526; x_wconf 90' lang='grc' dir='ltr'><em>τε</em></span> <span class='ocrx_word' id='word_1_105' title='bbox 1145 1459 1200 1526; x_wconf 83' lang='grc' dir='ltr'><em>καὶ</em></span> <span class='ocrx_word' id='word_1_106' title='bbox 1223 1462 1325 1538; x_wconf 85' lang='grc' dir='ltr'><em>άυλος</em></span> <span class='ocrx_word' id='word_1_107' title='bbox 1391 1462 1412 1546; x_wconf 85' lang='grc' dir='ltr'><em>ιΙ</em></span> <span class='ocrx_word' id='word_1_108' title='bbox 1436 1470 1504 1528; x_wconf 92' lang='grc' dir='ltr'><em>θυ-</em></span> 
     </span>
     <span class='ocr_line' id='line_1_13' title="bbox 195 1556 1504 1646; baseline 0.002 -22"><span class='ocrx_word' id='word_1_109' title='bbox 195 1561 250 1624; x_wconf 86' lang='grc' dir='ltr'><em>σία</em></span> <span class='ocrx_word' id='word_1_110' title='bbox 272 1558 485 1643; x_wconf 88' lang='grc' dir='ltr'><em>καθέστηκευ.</em></span> <span class='ocrx_word' id='word_1_111' title='bbox 543 1561 599 1625; x_wconf 87' lang='grc' dir='ltr'><em>διά</em></span> <span class='ocrx_word' id='word_1_112' title='bbox 612 1570 711 1624; x_wconf 90' lang='grc' dir='ltr'><em>τοῦτο</em></span> <span class='ocrx_word' id='word_1_113' title='bbox 726 1558 891 1642; x_wconf 76' lang='grc' dir='ltr'><em>Δέσποτα,</em></span> <span class='ocrx_word' id='word_1_114' title='bbox 912 1556 974 1624; x_wconf 76' lang='grc' dir='ltr'><em>Θεὲ</em></span> <span class='ocrx_word' id='word_1_115' title='bbox 996 1561 1232 1646; x_wconf 84' lang='grc' dir='ltr'><em>παντοκράτωρ</em></span> <span class='ocrx_word' id='word_1_116' title='bbox 1253 1558 1308 1624; x_wconf 83' lang='grc' dir='ltr'><em>καὶ</em></span> <span class='ocrx_word' id='word_1_117' title='bbox 1326 1561 1421 1645; x_wconf 84' lang='grc' dir='ltr'><em>κύριε</em></span> <span class='ocrx_word' id='word_1_118' title='bbox 1440 1570 1504 1627; x_wconf 90' lang='grc' dir='ltr'><em>τοῦ</em></span> 
     </span>
     <span class='ocr_line' id='line_1_14' title="bbox 194 1655 1504 1745; baseline 0.002 -24"><span class='ocrx_word' id='word_1_119' title='bbox 194 1655 318 1740; x_wconf 88' lang='grc' dir='ltr'><em>έλεόυς,</em></span> <span class='ocrx_word' id='word_1_120' title='bbox 333 1657 470 1742; x_wconf 44' lang='grc' dir='ltr'><em>(φεῖσαί</em></span> <span class='ocrx_word' id='word_1_121' title='bbox 491 1669 558 1722; x_wconf 85' lang='grc' dir='ltr'><em>τῶν</em></span> <span class='ocrx_word' id='word_1_122' title='bbox 577 1657 867 1742; x_wconf 85' lang='grc' dir='ltr'><em>τεταπεινωμένων</em></span> <span class='ocrx_word' id='word_1_123' title='bbox 885 1656 952 1722; x_wconf 59' lang='grc' dir='ltr'><em>εκαὶ</em></span> <span class='ocrx_word' id='word_1_124' title='bbox 970 1659 1013 1742; x_wconf 82' lang='grc' dir='ltr'><em>μη</em></span> <span class='ocrx_word' id='word_1_125' title='bbox 1034 1659 1100 1745; x_wconf 88' lang='grc' dir='ltr'><em>δῷς</em></span> <span class='ocrx_word' id='word_1_126' title='bbox 1119 1660 1165 1734; x_wconf 87' lang='grc' dir='ltr'><em>είς</em></span> <span class='ocrx_word' id='word_1_127' title='bbox 1188 1658 1317 1734; x_wconf 87' lang='grc' dir='ltr'><em>όνειδος</em></span> <span class='ocrx_word' id='word_1_128' title='bbox 1339 1659 1400 1743; x_wconf 81' lang='grc' dir='ltr'><em>την</em></span> <span class='ocrx_word' id='word_1_129' title='bbox 1422 1664 1504 1742; x_wconf 90' lang='grc' dir='ltr'><em>κλη-</em></span> 
     </span>
    </p>

    <p class='ocr_par' dir='ltr' id='par_1_4' title="bbox 123 1753 1504 1843">
     <span class='ocr_line' id='line_1_15' title="bbox 123 1753 1504 1843; baseline 0.002 -24"><span class='ocrx_word' id='word_1_130' title='bbox 123 1766 128 1779; x_wconf 92' lang='grc'><strong>’</strong></span> <span class='ocrx_word' id='word_1_131' title='bbox 195 1757 357 1839; x_wconf 90' lang='grc' dir='ltr'><em>ρονομίαυ</em></span> <span class='ocrx_word' id='word_1_132' title='bbox 380 1772 442 1821; x_wconf 89' lang='grc' dir='ltr'><em>σου</em></span> <span class='ocrx_word' id='word_1_133' title='bbox 466 1765 525 1821; x_wconf 84' lang='grc' dir='ltr'><em>τοῦ</em></span> <span class='ocrx_word' id='word_1_134' title='bbox 548 1753 704 1843; x_wconf 82' lang='grc' dir='ltr'><em>κατάρξαι</em></span> <span class='ocrx_word' id='word_1_135' title='bbox 728 1755 821 1840; x_wconf 79' lang='grc' dir='ltr'><em>ἡμῶν</em></span> <span class='ocrx_word' id='word_1_136' title='bbox 844 1756 949 1840; x_wconf 85' lang='grc' dir='ltr'><em>έθνη’.</em></span> <span class='ocrx_word' id='word_1_137' title='bbox 974 1757 1048 1820; x_wconf 89' lang='grc' dir='ltr'><em>ίδοὺ</em></span> <span class='ocrx_word' id='word_1_138' title='bbox 1072 1757 1136 1841; x_wconf 84' lang='grc' dir='ltr'><em>γάρ</em></span> <span class='ocrx_word' id='word_1_139' title='bbox 1159 1756 1358 1840; x_wconf 80' lang='grc' dir='ltr'><em>τετήγμεθα,</em></span> <span class='ocrx_word' id='word_1_140' title='bbox 1416 1757 1504 1822; x_wconf 63' lang='lat' dir='ltr'><em>‘ma-</em></span> 
     </span>
    </p>

    <p class='ocr_par' dir='ltr' id='par_1_5' title="bbox 159 1852 1505 2334">
     <span class='ocr_line' id='line_1_16' title="bbox 159 1852 1505 1938; baseline 0 -17"><span class='ocrx_word' id='word_1_141' title='bbox 159 1879 184 1921; x_wconf 82' lang='lat'><em>15</em></span> <span class='ocrx_word' id='word_1_142' title='bbox 194 1854 458 1938; x_wconf 80' lang='grc' dir='ltr'><em>πεφωνήκαμεν’,</em></span> <span class='ocrx_word' id='word_1_143' title='bbox 509 1852 815 1938; x_wconf 62' lang='grc' dir='ltr'><em>“τεταλαιπάρηκεν’</em></span> <span class='ocrx_word' id='word_1_144' title='bbox 840 1854 858 1919; x_wconf 87' lang='grc' dir='ltr'>ὁ</span> <span class='ocrx_word' id='word_1_145' title='bbox 882 1857 968 1931; x_wconf 92' lang='grc' dir='ltr'><em>λαός.</em></span> <span class='ocrx_word' id='word_1_146' title='bbox 992 1854 1053 1920; x_wconf 85' lang='grc' dir='ltr'><em>οὐκ</em></span> <span class='ocrx_word' id='word_1_147' title='bbox 1076 1856 1168 1919; x_wconf 82' lang='grc' dir='ltr'><em>ἔστιν</em></span> <span class='ocrx_word' id='word_1_148' title='bbox 1191 1852 1302 1931; x_wconf 77' lang='grc' dir='ltr'><em>οὐδεὶς</em></span> <span class='ocrx_word' id='word_1_149' title='bbox 1325 1853 1343 1919; x_wconf 99' lang='lat'>6</span> <span class='ocrx_word' id='word_1_150' title='bbox 1367 1855 1505 1938; x_wconf 60' lang='lat' dir='ltr'><em>‘Myous</em></span> 
     </span>
     <span class='ocr_line' id='line_1_17' title="bbox 194 1947 1504 2040; baseline 0.003 -25"><span class='ocrx_word' id='word_1_151' title='bbox 194 1951 398 2035; x_wconf 78' lang='grc' dir='ltr'><em>φρουήσεως’</em></span> <span class='ocrx_word' id='word_1_152' title='bbox 423 1950 574 2035; x_wconf 77' lang='grc' dir='ltr'><em>ἐκζητῶν,</em></span> <span class='ocrx_word' id='word_1_153' title='bbox 598 1951 615 2017; x_wconf 92' lang='lat'>6</span> <span class='ocrx_word' id='word_1_154' title='bbox 640 1952 808 2035; x_wconf 48' lang='grc' dir='ltr'><em>(συνάγων</em></span> <span class='ocrx_word' id='word_1_155' title='bbox 827 1954 866 2017; x_wconf 85' lang='grc' dir='ltr'><em>τά</em></span> <span class='ocrx_word' id='word_1_156' title='bbox 885 1950 1119 2039; x_wconf 89' lang='grc' dir='ltr'><em>διεσπαρμένα’</em></span> <span class='ocrx_word' id='word_1_157' title='bbox 1143 1954 1190 2028; x_wconf 85' lang='grc' dir='ltr'><em>είς</em></span> <span class='ocrx_word' id='word_1_158' title='bbox 1212 1950 1259 2016; x_wconf 81' lang='grc' dir='ltr'><em>ἕν.</em></span> <span class='ocrx_word' id='word_1_159' title='bbox 1308 1955 1452 2040; x_wconf 80' lang='grc' dir='ltr'><em>πρόσχες</em></span> <span class='ocrx_word' id='word_1_160' title='bbox 1476 1947 1504 2019; x_wconf 79' lang='grc' dir='ltr'><strong><em>ὦ</em></strong></span> 
     </span>
     <span class='ocr_line' id='line_1_18' title="bbox 192 2048 1504 2138; baseline 0.004 -26"><span class='ocrx_word' id='word_1_161' title='bbox 192 2048 310 2134; x_wconf 85' lang='grc' dir='ltr'><em>Κύριε,</em></span> <span class='ocrx_word' id='word_1_162' title='bbox 378 2051 485 2137; x_wconf 88' lang='grc' dir='ltr'><em>Κύριε</em></span> <span class='ocrx_word' id='word_1_163' title='bbox 507 2051 551 2134; x_wconf 83' lang='grc' dir='ltr'><em>μὴ</em></span> <span class='ocrx_word' id='word_1_164' title='bbox 574 2052 717 2136; x_wconf 87' lang='grc' dir='ltr'><em>παρίδης</em></span> <span class='ocrx_word' id='word_1_165' title='bbox 741 2052 787 2127; x_wconf 86' lang='grc' dir='ltr'><em>είς</em></span> <span class='ocrx_word' id='word_1_166' title='bbox 815 2049 907 2127; x_wconf 85' lang='grc' dir='ltr'><em>τέλος</em></span> <span class='ocrx_word' id='word_1_167' title='bbox 935 2048 1033 2134; x_wconf 78' lang='grc' dir='ltr'><em>ἡμᾶς,</em></span> <span class='ocrx_word' id='word_1_168' title='bbox 1062 2048 1134 2115; x_wconf 82' lang='grc' dir='ltr'><em>ἀλλ’</em></span> <span class='ocrx_word' id='word_1_169' title='bbox 1169 2049 1385 2138; x_wconf 81' lang='grc' dir='ltr'><em>εὐσπλάγχνῷ</em></span> <span class='ocrx_word' id='word_1_170' title='bbox 1413 2051 1504 2137; x_wconf 74' lang='grc' dir='ltr'><em>ῥοπῇ</em></span> 
     </span>
     <span class='ocr_line' id='line_1_19' title="bbox 193 2145 1505 2234; baseline 0.002 -24"><span class='ocrx_word' id='word_1_171' title='bbox 193 2148 438 2230; x_wconf 86' lang='grc' dir='ltr'><em>μετασκεύασον</em></span> <span class='ocrx_word' id='word_1_172' title='bbox 468 2147 563 2232; x_wconf 82' lang='grc' dir='ltr'><em>ἡμῶν</em></span> <span class='ocrx_word' id='word_1_173' title='bbox 593 2149 654 2231; x_wconf 76' lang='grc' dir='ltr'><em>τὴν</em></span> <span class='ocrx_word' id='word_1_174' title='bbox 684 2151 777 2232; x_wconf 81' lang='grc' dir='ltr'><em>ζωηυ,</em></span> <span class='ocrx_word' id='word_1_175' title='bbox 801 2150 937 2234; x_wconf 82' lang='grc' dir='ltr'><em>είρήνηυ</em></span> <span class='ocrx_word' id='word_1_176' title='bbox 966 2159 1035 2224; x_wconf 83' lang='grc' dir='ltr'><em>τοῖς</em></span> <span class='ocrx_word' id='word_1_177' title='bbox 1062 2150 1193 2234; x_wconf 87' lang='grc' dir='ltr'><em>μακράν</em></span> <span class='ocrx_word' id='word_1_178' title='bbox 1218 2145 1273 2212; x_wconf 78' lang='grc' dir='ltr'><em>καὶ</em></span> <span class='ocrx_word' id='word_1_179' title='bbox 1304 2159 1373 2225; x_wconf 86' lang='grc' dir='ltr'><em>τοῖς</em></span> <span class='ocrx_word' id='word_1_180' title='bbox 1400 2147 1505 2232; x_wconf 78' lang='grc' dir='ltr'><em>ἐγγὺς</em></span> 
     </span>
     <span class='ocr_line' id='line_1_20' title="bbox 193 2239 1504 2334; baseline 0.003 -26"><span class='ocrx_word' id='word_1_181' title='bbox 193 2247 406 2331; x_wconf 79' lang='grc' dir='ltr'><em>χαριζόμενος</em></span> <span class='ocrx_word' id='word_1_182' title='bbox 456 2245 493 2311; x_wconf 78' lang='grc' dir='ltr'><em>ἐν</em></span> <span class='ocrx_word' id='word_1_183' title='bbox 516 2246 605 2334; x_wconf 85' lang='grc' dir='ltr'><em>αὐτῷ</em></span> <span class='ocrx_word' id='word_1_184' title='bbox 628 2254 674 2333; x_wconf 88' lang='grc' dir='ltr'><em>τῷ</em></span> <span class='ocrx_word' id='word_1_185' title='bbox 698 2252 830 2333; x_wconf 79' lang='grc' dir='ltr'><em>Χριστῷ</em></span> <span class='ocrx_word' id='word_1_186' title='bbox 853 2255 898 2334; x_wconf 89' lang='grc' dir='ltr'><em>τῷ</em></span> <span class='ocrx_word' id='word_1_187' title='bbox 922 2248 1142 2330; x_wconf 83' lang='grc' dir='ltr'><em>πανελεήμουι</em></span> <span class='ocrx_word' id='word_1_188' title='bbox 1168 2250 1251 2333; x_wconf 88' lang='grc' dir='ltr'><em>Θεῷ,</em></span> <span class='ocrx_word' id='word_1_189' title='bbox 1273 2243 1350 2330; x_wconf 90' lang='grc' dir='ltr'><em>μεθ’</em></span> <span class='ocrx_word' id='word_1_190' title='bbox 1381 2239 1422 2311; x_wconf 87' lang='grc' dir='ltr'><em>οὗ</em></span> <span class='ocrx_word' id='word_1_191' title='bbox 1447 2265 1504 2312; x_wconf 89' lang='grc' dir='ltr'><em>σοι</em></span> 
     </span>
    </p>

    <p class='ocr_par' dir='ltr' id='par_1_6' title="bbox 158 2341 1504 2524">
     <span class='ocr_line' id='line_1_21' title="bbox 158 2341 1504 2432; baseline 0.001 -22"><span class='ocrx_word' id='word_1_192' title='bbox 158 2351 239 2430; x_wconf 83' lang='grc' dir='ltr'><em>ιοτῷ</em></span> <span class='ocrx_word' id='word_1_193' title='bbox 268 2342 378 2430; x_wconf 80' lang='grc' dir='ltr'><em>Πατρδ</em></span> <span class='ocrx_word' id='word_1_194' title='bbox 409 2347 473 2409; x_wconf 86' lang='grc' dir='ltr'><em>σὺν</em></span> <span class='ocrx_word' id='word_1_195' title='bbox 496 2343 580 2432; x_wconf 87' lang='grc' dir='ltr'><em>άγίῷ</em></span> <span class='ocrx_word' id='word_1_196' title='bbox 611 2346 783 2429; x_wconf 89' lang='grc' dir='ltr'><em>Πνεύματι</em></span> <span class='ocrx_word' id='word_1_197' title='bbox 815 2341 894 2421; x_wconf 82' lang='grc' dir='ltr'><em>δόξα</em></span> <span class='ocrx_word' id='word_1_198' title='bbox 924 2346 972 2420; x_wconf 88' lang='grc' dir='ltr'><em>είς</em></span> <span class='ocrx_word' id='word_1_199' title='bbox 1001 2345 1079 2420; x_wconf 86' lang='grc' dir='ltr'><em>τοὺς</em></span> <span class='ocrx_word' id='word_1_200' title='bbox 1102 2346 1226 2420; x_wconf 86' lang='grc' dir='ltr'><em>αίῶνας</em></span> <span class='ocrx_word' id='word_1_201' title='bbox 1260 2354 1327 2409; x_wconf 86' lang='grc' dir='ltr'><em>τῶν</em></span> <span class='ocrx_word' id='word_1_202' title='bbox 1356 2345 1504 2411; x_wconf 78' lang='grc' dir='ltr'><em>αἰώνων.</em></span> 
     </span>
     <span class='ocr_line' id='line_1_22' title="bbox 195 2441 291 2524; baseline 0.01 -19"><span class='ocrx_word' id='word_1_203' title='bbox 195 2441 291 2524; x_wconf 83' lang='grc' dir='ltr'><em>άμήυ.</em></span> 
     </span>
    </p>
   </div>
   <div class='ocr_carea' id='block_1_3' title="bbox 193 2635 1504 3028">
    <p class='ocr_par' dir='ltr' id='par_1_7' title="bbox 193 2635 1504 3028">
     <span class='ocr_line' id='line_1_23' title="bbox 237 2635 1501 2709; baseline -0.002 -16"><span class='ocrx_word' id='word_1_204' title='bbox 237 2671 255 2693; x_wconf 69' lang='grc' dir='ltr'><em>,ι</em></span> <span class='ocrx_word' id='word_1_205' title='bbox 284 2640 327 2704; x_wconf 88' lang='grc'><em>28,</em></span> <span class='ocrx_word' id='word_1_206' title='bbox 344 2641 357 2687; x_wconf 95' lang='grc'><strong>1</strong></span> <span class='ocrx_word' id='word_1_207' title='bbox 377 2656 424 2704; x_wconf 89' lang='grc' dir='ltr'><em>μοι</em></span> <span class='ocrx_word' id='word_1_208' title='bbox 443 2638 508 2706; x_wconf 76' lang='lat' dir='ltr'><strong>post</strong></span> <span class='ocrx_word' id='word_1_209' title='bbox 526 2636 589 2691; x_wconf 88' lang='grc' dir='ltr'><em>δότε</em></span> <span class='ocrx_word' id='word_1_210' title='bbox 604 2637 668 2691; x_wconf 81' lang='lat' dir='ltr'>add.</span> <span class='ocrx_word' id='word_1_211' title='bbox 683 2637 708 2689; x_wconf 88' lang='lat' dir='ltr'>A</span> <span class='ocrx_word' id='word_1_212' title='bbox 725 2641 728 2707; x_wconf 96' lang='grc' dir='ltr'>Ι</span> <span class='ocrx_word' id='word_1_213' title='bbox 745 2635 959 2704; x_wconf 84' lang='grc' dir='ltr'><em>κατεντρυφήσοι</em></span> <span class='ocrx_word' id='word_1_214' title='bbox 974 2636 999 2689; x_wconf 86' lang='lat' dir='ltr'>A</span> <span class='ocrx_word' id='word_1_215' title='bbox 1015 2637 1019 2704; x_wconf 91' lang='grc' dir='ltr'>Ι</span> <span class='ocrx_word' id='word_1_216' title='bbox 1036 2641 1051 2688; x_wconf 93' lang='grc'>2</span> <span class='ocrx_word' id='word_1_217' title='bbox 1066 2636 1113 2689; x_wconf 81' lang='grc' dir='ltr'><em>καὶ</em></span> <span class='ocrx_word' id='word_1_218' title='bbox 1127 2637 1192 2705; x_wconf 75' lang='lat' dir='ltr'><strong>post</strong></span> <span class='ocrx_word' id='word_1_219' title='bbox 1205 2635 1363 2705; x_wconf 75' lang='grc' dir='ltr'><em>πνεύματος</em></span> <span class='ocrx_word' id='word_1_220' title='bbox 1377 2636 1442 2690; x_wconf 79' lang='lat' dir='ltr'>add.</span> <span class='ocrx_word' id='word_1_221' title='bbox 1458 2638 1501 2709; x_wconf 85' lang='grc' dir='ltr'><em>ΜΙ</em></span> 
     </span>
     <span class='ocr_line' id='line_1_24' title="bbox 194 2708 1504 2787; baseline 0.002 -17"><span class='ocrx_word' id='word_1_222' title='bbox 194 2708 262 2770; x_wconf 73' lang='lat'><em>46⁹²</em></span> <span class='ocrx_word' id='word_1_223' title='bbox 280 2719 345 2785; x_wconf 80' lang='lat' dir='ltr'><strong>post</strong></span> <span class='ocrx_word' id='word_1_224' title='bbox 362 2726 419 2771; x_wconf 82' lang='grc' dir='ltr'><em>τῶν</em></span> <span class='ocrx_word' id='word_1_225' title='bbox 436 2716 552 2770; x_wconf 77' lang='lat' dir='ltr'>xehibet</span> <span class='ocrx_word' id='word_1_226' title='bbox 569 2717 599 2769; x_wconf 89' lang='lat' dir='ltr'>M</span> <span class='ocrx_word' id='word_1_227' title='bbox 620 2719 623 2784; x_wconf 94' lang='grc' dir='ltr'>Ι</span> <span class='ocrx_word' id='word_1_228' title='bbox 641 2722 656 2770; x_wconf 84' lang='lat'>5</span> <span class='ocrx_word' id='word_1_229' title='bbox 676 2725 725 2771; x_wconf 82' lang='grc' dir='ltr'><em>τοῦ</em></span> <span class='ocrx_word' id='word_1_230' title='bbox 745 2719 776 2771; x_wconf 85' lang='grc' dir='ltr'><em>δε</em></span> <span class='ocrx_word' id='word_1_231' title='bbox 795 2714 882 2778; x_wconf 81' lang='grc' dir='ltr'><em>ὅντως</em></span> <span class='ocrx_word' id='word_1_232' title='bbox 900 2717 929 2769; x_wconf 90' lang='grc' dir='ltr'>Μ</span> <span class='ocrx_word' id='word_1_233' title='bbox 952 2716 956 2786; x_wconf 94' lang='grc' dir='ltr'>Ι</span> <span class='ocrx_word' id='word_1_234' title='bbox 977 2721 993 2768; x_wconf 86' lang='grc'><strong>6</strong></span> <span class='ocrx_word' id='word_1_235' title='bbox 1012 2715 1029 2785; x_wconf 81' lang='grc' dir='ltr'>ἡ</span> <span class='ocrx_word' id='word_1_236' title='bbox 1049 2733 1102 2769; x_wconf 91' lang='lat' dir='ltr'><em>om.</em></span> <span class='ocrx_word' id='word_1_237' title='bbox 1122 2715 1150 2767; x_wconf 90' lang='lat' dir='ltr'><strong>M</strong></span> <span class='ocrx_word' id='word_1_238' title='bbox 1166 2715 1170 2786; x_wconf 94' lang='grc' dir='ltr'>Ι</span> <span class='ocrx_word' id='word_1_239' title='bbox 1189 2722 1202 2769; x_wconf 79' lang='grc'>7</span> <span class='ocrx_word' id='word_1_240' title='bbox 1222 2715 1347 2787; x_wconf 83' lang='grc' dir='ltr'><em>βάλλε-</em></span> <span class='ocrx_word' id='word_1_241' title='bbox 1359 2722 1392 2770; x_wconf 95' lang='grc'><em>12</em></span> <span class='ocrx_word' id='word_1_242' title='bbox 1411 2718 1504 2772; x_wconf 80' lang='grc' dir='ltr'><em>καθέ-</em></span> 
     </span>
     <span class='ocr_line' id='line_1_25' title="bbox 194 2795 1503 2869; baseline 0.001 -20"><span class='ocrx_word' id='word_1_243' title='bbox 194 2813 293 2866; x_wconf 85' lang='grc' dir='ltr'><em>στηκεν</em></span> <span class='ocrx_word' id='word_1_244' title='bbox 312 2797 413 2850; x_wconf 80' lang='lat' dir='ltr'><strong>desunt</strong></span> <span class='ocrx_word' id='word_1_245' title='bbox 431 2796 460 2849; x_wconf 91' lang='lat' dir='ltr'><em>in</em></span> <span class='ocrx_word' id='word_1_246' title='bbox 479 2797 508 2849; x_wconf 91' lang='lat' dir='ltr'>M</span> <span class='ocrx_word' id='word_1_247' title='bbox 529 2799 532 2865; x_wconf 98' lang='grc' dir='ltr'>Ι</span> <span class='ocrx_word' id='word_1_248' title='bbox 556 2803 587 2850; x_wconf 91' lang='grc'><em>12</em></span> <span class='ocrx_word' id='word_1_249' title='bbox 607 2797 684 2864; x_wconf 78' lang='grc' dir='ltr'><em>κύριε</em></span> <span class='ocrx_word' id='word_1_250' title='bbox 703 2797 752 2851; x_wconf 84' lang='grc' dir='ltr'><em>καὶ</em></span> <span class='ocrx_word' id='word_1_251' title='bbox 769 2795 819 2850; x_wconf 78' lang='grc' dir='ltr'><em>θεὲ</em></span> <span class='ocrx_word' id='word_1_252' title='bbox 838 2797 867 2849; x_wconf 89' lang='grc' dir='ltr'>Μ</span> <span class='ocrx_word' id='word_1_253' title='bbox 888 2798 892 2864; x_wconf 93' lang='grc' dir='ltr'>Ι</span> <span class='ocrx_word' id='word_1_254' title='bbox 914 2802 946 2849; x_wconf 89' lang='grc'><em>13</em></span> <span class='ocrx_word' id='word_1_255' title='bbox 966 2796 1023 2849; x_wconf 85' lang='grc' dir='ltr'><em>ΙοεΙ</em></span> <span class='ocrx_word' id='word_1_256' title='bbox 1042 2800 1118 2863; x_wconf 86' lang='grc'><em>2,17</em></span> <span class='ocrx_word' id='word_1_257' title='bbox 1144 2801 1148 2863; x_wconf 94' lang='grc' dir='ltr'>Ι</span> <span class='ocrx_word' id='word_1_258' title='bbox 1173 2796 1350 2864; x_wconf 86' lang='grc' dir='ltr'><em>παραδῶςΑ</em></span> <span class='ocrx_word' id='word_1_259' title='bbox 1375 2800 1379 2865; x_wconf 98' lang='grc' dir='ltr'>Ι</span> <span class='ocrx_word' id='word_1_260' title='bbox 1404 2806 1433 2850; x_wconf 82' lang='grc' dir='ltr'><em>ελ</em></span> <span class='ocrx_word' id='word_1_261' title='bbox 1450 2797 1480 2850; x_wconf 85' lang='grc' dir='ltr'>Μ</span> <span class='ocrx_word' id='word_1_262' title='bbox 1498 2799 1503 2869; x_wconf 94' lang='grc' dir='ltr'>Ι</span> 
     </span>
     <span class='ocr_line' id='line_1_26' title="bbox 196 2874 1503 2948; baseline 0.002 -19"><span class='ocrx_word' id='word_1_263' title='bbox 196 2881 229 2930; x_wconf 80' lang='lat'><em>14</em></span> <span class='ocrx_word' id='word_1_264' title='bbox 248 2874 434 2945; x_wconf 80' lang='grc' dir='ltr'><em>ἐκτετήγμεθα</em></span> <span class='ocrx_word' id='word_1_265' title='bbox 452 2877 489 2943; x_wconf 90' lang='grc' dir='ltr'><em>Μ,</em></span> <span class='ocrx_word' id='word_1_266' title='bbox 509 2876 558 2944; x_wconf 88' lang='lat' dir='ltr'><em>qui</em></span> <span class='ocrx_word' id='word_1_267' title='bbox 576 2876 642 2930; x_wconf 80' lang='lat' dir='ltr'>inde</span> <span class='ocrx_word' id='word_1_268' title='bbox 661 2895 678 2930; x_wconf 79' lang='lat' dir='ltr'><strong>a</strong></span> <span class='ocrx_word' id='word_1_269' title='bbox 697 2895 722 2930; x_wconf 89' lang='lat' dir='ltr'><em>v.</em></span> <span class='ocrx_word' id='word_1_270' title='bbox 742 2876 871 2945; x_wconf 63' lang='lat' dir='ltr'><strong>sequenssi</strong></span> <span class='ocrx_word' id='word_1_271' title='bbox 889 2893 940 2930; x_wconf 85' lang='lat' dir='ltr'><em>nos</em></span> <span class='ocrx_word' id='word_1_272' title='bbox 959 2874 1054 2929; x_wconf 77' lang='lat' dir='ltr'><strong>deficit</strong></span> <span class='ocrx_word' id='word_1_273' title='bbox 1073 2877 1077 2943; x_wconf 91' lang='grc' dir='ltr'>Ι</span> <span class='ocrx_word' id='word_1_274' title='bbox 1098 2874 1133 2927; x_wconf 83' lang='lat' dir='ltr'><em>cf.</em></span> <span class='ocrx_word' id='word_1_275' title='bbox 1153 2875 1252 2930; x_wconf 79' lang='lat' dir='ltr'>Ezech.</span> <span class='ocrx_word' id='word_1_276' title='bbox 1272 2881 1316 2943; x_wconf 77' lang='lat'><em>37,</em></span> <span class='ocrx_word' id='word_1_277' title='bbox 1328 2881 1359 2929; x_wconf 88' lang='lat'><em>11</em></span> <span class='ocrx_word' id='word_1_278' title='bbox 1383 2876 1387 2948; x_wconf 97' lang='grc' dir='ltr'>Ι</span> <span class='ocrx_word' id='word_1_279' title='bbox 1411 2882 1446 2930; x_wconf 84' lang='grc'><em>15</em></span> <span class='ocrx_word' id='word_1_280' title='bbox 1466 2878 1503 2932; x_wconf 86' lang='lat' dir='ltr'><em>cf.</em></span> 
     </span>
     <span class='ocr_line' id='line_1_27' title="bbox 193 2952 1504 3028; baseline 0.003 -20"><span class='ocrx_word' id='word_1_281' title='bbox 193 2957 288 3011; x_wconf 81' lang='lat' dir='ltr'>Ierem.</span> <span class='ocrx_word' id='word_1_282' title='bbox 304 2962 329 3025; x_wconf 83' lang='lat'><em>4,</em></span> <span class='ocrx_word' id='word_1_283' title='bbox 339 2962 373 3010; x_wconf 89' lang='grc'><em>20</em></span> <span class='ocrx_word' id='word_1_284' title='bbox 389 2956 393 3027; x_wconf 92' lang='grc' dir='ltr'>Ι</span> <span class='ocrx_word' id='word_1_285' title='bbox 410 2958 444 3010; x_wconf 86' lang='lat' dir='ltr'><em>cf.</em></span> <span class='ocrx_word' id='word_1_286' title='bbox 459 2974 499 3026; x_wconf 87' lang='lat' dir='ltr'><em>pr.</em></span> <span class='ocrx_word' id='word_1_287' title='bbox 511 2956 613 3012; x_wconf 76' lang='lat' dir='ltr'><strong>Salom.</strong></span> <span class='ocrx_word' id='word_1_288' title='bbox 629 2963 678 3024; x_wconf 91' lang='grc'><em>1,2</em></span> <span class='ocrx_word' id='word_1_289' title='bbox 694 2975 717 3010; x_wconf 92' lang='lat' dir='ltr'><em>v.</em></span> <span class='ocrx_word' id='word_1_290' title='bbox 726 2956 763 3012; x_wconf 86' lang='lat' dir='ltr'><em>ib.</em></span> <span class='ocrx_word' id='word_1_291' title='bbox 775 2961 826 3024; x_wconf 75' lang='lat' dir='ltr'><em>9,ss</em></span> <span class='ocrx_word' id='word_1_292' title='bbox 840 2956 939 3026; x_wconf 81' lang='lat' dir='ltr'>psalm.</span> <span class='ocrx_word' id='word_1_293' title='bbox 951 2959 1080 3028; x_wconf 83' lang='grc'><em>141(2),5</em></span> <span class='ocrx_word' id='word_1_294' title='bbox 1097 2956 1101 3027; x_wconf 95' lang='grc' dir='ltr'>Ι</span> <span class='ocrx_word' id='word_1_295' title='bbox 1117 2952 1231 3025; x_wconf 83' lang='grc' dir='ltr'><em>λόγοςΑ</em></span> <span class='ocrx_word' id='word_1_296' title='bbox 1247 2958 1251 3026; x_wconf 93' lang='grc' dir='ltr'>Ι</span> <span class='ocrx_word' id='word_1_297' title='bbox 1269 2962 1302 3010; x_wconf 85' lang='grc'><em>16</em></span> <span class='ocrx_word' id='word_1_298' title='bbox 1316 2957 1351 3011; x_wconf 82' lang='lat' dir='ltr'><em>cf.</em></span> <span class='ocrx_word' id='word_1_299' title='bbox 1366 2957 1419 3011; x_wconf 84' lang='grc' dir='ltr'><em>Ιοε.</em></span> <span class='ocrx_word' id='word_1_300' title='bbox 1429 2963 1504 3027; x_wconf 82' lang='grc'><em>56,8</em></span> 
     </span>
    </p>
   </div>
   <div class='ocr_carea' id='block_1_4' title="bbox 0 0 1653 5190">
    <p class='ocr_par' dir='ltr' id='par_1_8' title="bbox 0 0 1653 5190">
     <span class='ocr_line' id='line_1_28' title="bbox 0 0 1653 5190; baseline 0 0"><span class='ocrx_word' id='word_1_301' title='bbox 0 0 1653 5190; x_wconf 95' lang='lat' dir='ltr'><em> </em></span> 
     </span>
    </p>
   </div>
  </div>
 </body>
</html>
