3294 5190
740 317 831 387 Caput
846 317 883 370 II.

235 479 383 548 dispicitur
401 480 529 550 (fortasse
548 478 725 532 scribendum
743 476 833 551 πνρίῳ
849 505 882 524 =
896 475 1000 550 πυρείῳ
1021 475 1230 530 ‘Rauoherfals'
1251 476 1327 544 quod
1350 475 1380 528 in
1399 474 1478 528 LXX

236 562 346 628 exstat),
369 576 425 614 non
449 559 568 628 amplius
588 557 796 626 disputaverim.
833 558 927 612 Verba
951 555 1301 629 ἄσπαοαι...οἰσπαστικφ”
1325 555 1400 609 clare
1425 555 1478 608 de-

237 642 396 694 monstrant
414 639 485 693 illud
503 639 623 706 πύρινον
642 637 686 691 vel
705 640 781 706 quod
799 656 850 708 pro
869 654 902 692 eo
920 638 1014 707 legere
1032 636 1086 691 tibi
1109 637 1189 690 lubet
1211 635 1275 690 ideo
1301 633 1478 690 ἀσπαστικόν

236 719 384 789 nominari,
404 719 472 788 quia
490 719 520 772 in
539 717 688 772 salutando
708 719 760 772 deo
780 717 944 772 adhibetur:
964 717 994 772 έν
1013 722 1050 789 τῷ
1069 715 1252 782 ἀσπάζεσθαι.
1289 717 1479 770 Revertamur

236 800 272 854 ad
291 799 384 854 locum
402 801 563 853 tractatum.
599 798 653 852 Hic
677 814 788 867 quoque
809 799 862 852 dea
882 800 1073 867 exspectatur,
1094 797 1128 852 cf.
1145 802 1214 851 3253
1225 814 1278 864 sq.:
1307 798 1355 851 καί
1381 795 1478 864 φανή-

237 877 313 934 σεταί
332 897 375 934 σοι
393 879 411 948 ή
430 879 499 941 θεὸς
522 879 570 932 καί
593 876 751 948 χρηματίζει
774 879 837 946 περί
864 873 903 932 ὦν
926 875 1026 939 θέλεις.
1063 877 1162 945 Itaque
1189 876 1282 932 έλαιου
1300 876 1478 931 άσπαστικὸν

239 962 282 1012 cst
301 958 407 1028 oleum,
426 959 502 1026 quod
522 958 591 1012 deae
610 957 687 1010 illius
711 956 878 1011 salutandae
902 973 988 1010 causa
1012 956 1171 1010 adhibetur.
1210 956 1271 1021 Qua
1288 956 1319 1009 in
1336 973 1366 1010 re
1381 955 1479 1010 oleum

237 1039 291 1092 hoc
310 1038 392 1094 modo
412 1037 603 1107 significatum
621 1038 657 1091 ab
677 1036 738 1091 oleo
757 1036 897 1091 communi
916 1036 1069 1104 distulerit,
1087 1036 1160 1089 nihil
1179 1036 1217 1090 ad
1230 1052 1289 1090 rem
1307 1052 1398 1105 neque
1413 1036 1478 1090 erui

237 1120 338 1188 potest.
377 1117 451 1172 Satis
479 1117 517 1171 sit
543 1117 637 1172 locum
662 1118 833 1171 emendasse.
862 1148 897 1157 -
920 1115 990 1170 Cum
1015 1117 1050 1170 de
1077 1116 1138 1170 oleo
1166 1119 1195 1170 et
1218 1133 1292 1184 aqua
1317 1115 1478 1171 coniunctis

237 1215 363 1268 agamus,
382 1198 531 1252 adnectere
550 1196 643 1266 liceat,
663 1198 738 1264 quod
756 1196 835 1266 legas
855 1197 930 1266 apud
948 1196 1038 1250 Wess.
1059 1196 1104 1250 Gr.
1124 1196 1175 1250 ZP.
1192 1202 1251 1265 101,
1267 1202 1337 1249 3210
1353 1214 1406 1264 sq.:
1426 1197 1478 1250 καί

236 1278 329 1350 λαβὼν
348 1277 452 1348 φιάλην
471 1277 572 1347 λευκὴν
591 1281 695 1346 πλῆσον
714 1275 839 1340 ύδατος
863 1277 910 1330 καί
934 1273 1058 1330 ἐλαίου.
1096 1275 1148 1329 Vel
1167 1276 1254 1330 alium
1273 1276 1365 1330 locum
1384 1276 1476 1329 Wess.

238 1358 275 1413 ib.
292 1366 334 1426 26,
349 1364 401 1412 223
413 1376 487 1427 sqq.:
515 1359 608 1429 λαβὼν
627 1357 712 1428 άγγος
729 1361 850 1428 χαλκοῦν
868 1354 886 1425 ἢ
905 1355 1025 1424 λεκάνην
1044 1353 1061 1425 ἣ
1081 1356 1185 1425 φιάλην
1209 1356 1274 1411 οἵαν
1297 1357 1360 1427 [εαν
1379 1356 1477 1410 delen-

237 1439 315 1509 dum]
342 1438 428 1509 βούλη
452 1437 519 1509 βάλε
548 1436 623 1506 ύδωρ
649 1441 704 1492 κτλ.
746 1437 784 1492 ib.
800 1443 922 1504 227sq.:
951 1433 1074 1506 κατέχων
1097 1436 1143 1491 ἐπί
1170 1445 1229 1499 τοῖς
1256 1434 1355 1507 γόνασι
1379 1445 1479 1498 σκεῦος

237 1518 389 1589 ἐπιβαλὼν
418 1518 511 1572 ἔλαιον
543 1517 703 1587 ὀμφάκινον
729 1522 784 1572 κτλ.
827 1518 956 1572 Ceterum
983 1516 1139 1569 notandum
1167 1519 1301 1584 quattuor
1328 1517 1380 1569 hoc
1412 1516 1478 1570 loco

236 1597 358 1652 discerni
377 1615 467 1666 aquae
491 1615 608 1667 genera,
633 1614 751 1666 quorum
773 1615 860 1651 unum
878 1596 1009 1665 quodque
1028 1595 1079 1648 alii
1103 1596 1217 1650 deorum
1236 1595 1332 1665 generi
1351 1595 1478 1651 offertur.

237 1677 354 1732 Adicias
383 1677 503 1747 denique
536 1677 735 1731 miraculosam
759 1676 897 1731 Herodoti
930 1676 1120 1732 narrationem
1152 1676 1187 1730 de
1212 1676 1369 1746 Polycratis
1400 1676 1479 1730 filiae

237 1757 357 1825 somnio,
383 1758 433 1812 ubi
455 1757 572 1812 mirifice
596 1756 776 1826 coniungitur
799 1755 904 1810 lavatio
928 1774 992 1811 cum
1014 1755 1146 1810 unctione
1170 1756 1218 1824 (III
1234 1759 1308 1825 124):
1333 1755 1423 1809 ἐδόκει
1448 1757 1480 1810 οἱ

238 1838 287 1892 τόν
305 1834 412 1906 πατέρα
427 1838 457 1892 έν
475 1843 514 1911 τῷ
534 1835 595 1907 ήέρι
609 1835 746 1906 μετέωρον
761 1833 842 1891 ἐόντα
856 1839 1005 1891 λοῦσθαι
1018 1834 1069 1904 μὲν
1083 1837 1138 1890 ono
1152 1843 1202 1890 τοῦ
1217 1833 1294 1903 Διός,
1313 1833 1478 1905 χρίεσθαι

238 1915 269 1972 δὲ
288 1918 343 1972 ὑπὸ
361 1926 411 1973 τοῦ
429 1916 517 1986 ἡλίου.

168 2062 334 2127 Bibebat
352 2063 574 2148 Trophonium
593 2062 797 2128 consulturus
819 2085 835 2127 e
854 2061 972 2127 Lethes
991 2066 1023 2127 et
1041 2062 1268 2145 Mnemosyncs
1287 2062 1478 2149 fontibus1).

237 2201 278 2254 De
306 2202 407 2256 Lethes
437 2220 469 2256 ac
496 2203 691 2271 Mnemosyncs
719 2201 844 2255 fontibus
870 2201 919 2269 qui
948 2200 1066 2256 suntin
1092 2218 1156 2257 orco
1180 2220 1203 2254 v.
1228 2201 1327 2256 Rohde
1349 2202 1480 2271 Psyche¹

237 2281 263 2333 Π
277 2287 370 2348 390,1.
382 2313 414 2323 -
427 2282 510 2352 Apud
528 2281 664 2336 nonnulla
689 2281 803 2335 oracula
822 2282 981 2336 sacerdotes
1001 2298 1104 2349 aquam
1121 2281 1273 2336 bibebant:
1294 2281 1328 2334 cf.
1344 2280 1478 2340 Philostr.

236 2361 269 2414 V.
285 2361 376 2431 Apoll.
392 2362 480 2417 1137:
499 2361 587 2417 πολλὰ
602 2360 633 2416 δὲ
647 2362 696 2416 καί
710 2370 826 2431 μαντεῖα
844 2360 949 2432 λέγοιμ’
973 2358 1009 2416 ἂν
1024 2360 1159 2431 εύὸόκιμα
1172 2359 1240 2429 παρ’
1256 2358 1368 2431 Ἕλλησί
1383 2381 1412 2414 τε
1427 2365 1479 2416 καὶ

238 2439 404 2511 βαρβάροις,
429 2442 459 2497 ἐν
484 2437 525 2504 οἷς
549 2442 564 2496 ὁ
596 2441 685 2510 ἱερεύς
712 2445 772 2511 (ηατ
798 2443 923 2498 sacerdos
950 2443 1092 2512 Apollinis
1121 2442 1227 2495 Olarii“
1265 2442 1329 2495 adn.
1358 2442 1479 2511 Kayser)

236 2519 511 2584 ύδατος.,.σπάσας
534 2520 747 2592 ἀποφθέγγεται
770 2520 805 2575 τά
830 2521 860 2576 έκ
882 2529 931 2576 τοῦ
954 2519 1093 2590 τρίποδος.
1132 2522 1167 2574 Μ.
1188 2522 1277 2575 Varro
1301 2521 1420 2575 tradidit
1446 2523 1478 2576 in

239 2599 338 2654 Cilicia
365 2601 440 2670 apud
464 2601 598 2671 oppidum
622 2602 737 2657 Cescum
762 2600 855 2672 (lectio
875 2601 993 2671 incerta)
1011 2601 1102 2654 rivum
1119 2602 1204 2656 fluere
1223 2601 1335 2655 nomine
1356 2602 1478 2671 ‘Nuus',

238 2698 288 2746 „ca
306 2698 359 2750 qao
378 2681 528 2736 bibentium
545 2683 699 2738 subtiliores
717 2698 811 2737 εικεαε
829 2683 922 2751 βοείη
941 2681 1012 2736 Plin.
1032 2681 1067 2735 N.
1082 2683 1109 2736 h.
1125 2681 1214 2735 XXXI
1228 2688 1253 2749 2,
1270 2688 1310 2735 12.

168 2823 278 2889 Nudo
316 2846 474 2911 corpore
512 2826 672 2910 supplices
705 2827 740 2891 in
774 2826 953 2912 Trophonii
991 2830 1119 2891 antrum
1157 2827 1345 2892 descendere
1381 2829 1477 2892 nobis

169 2922 269 2986 tradit
292 2921 389 2987 schol.
413 2923 454 2987 ad
476 2920 531 2987 Ar.
555 2922 640 2988 Nub.
655 2922 720 2988 508
735 2921 796 3010 ll).

238 3064 279 3116 De
307 3063 437 3118 nuditate
468 3065 543 3134 apud
574 3065 677 3119 multos
708 3065 826 3135 populos
857 3065 914 3119 ritu
943 3064 1097 3119 constituta
1121 3083 1144 3119 v.
1170 3064 1321 3119 Weinhold
1347 3066 1401 3119 Zur
1424 3065 1477 3120 Ge-

238 3142 363 3197 schichte
383 3144 432 3198 des
455 3144 639 3198 heidnischen
662 3145 761 3212 Ritus,
785 3145 857 3199 Abh.
879 3145 904 3199 d.
925 3146 997 3200 Berl.
1017 3145 1069 3200 Alr.
1090 3145 1116 3199 d.
1135 3145 1218 3200 Wiss.
1240 3151 1308 3200 1896
1327 3145 1475 3216 phil-hist

237 3223 280 3277 Kl.
297 3229 393 3278 1-50.
428 3224 462 3279 cf.
481 3243 507 3294 p.
524 3231 553 3280 6:
579 3226 668 3293 „Hier
695 3227 819 3296 tcdpsea
841 3227 898 3280 sict
923 3228 995 3281 caet
1023 3227 1066 3281 die
1087 3227 1230 3281 deutschen
1256 3228 1477 3281 οοίίιετιλοιίίοίιοκ

237 3304 364 3358 Βτᾶαοίιο
382 3321 433 3370 ου,
453 3305 496 3359 dic
519 3307 575 3372 aas
593 3307 672 3359 cioca
694 3305 857 3362 Eiabliclc
879 3307 917 3360 ia
941 3309 995 3361 άιί
1013 3307 1165 3372 Zataaft
1186 3324 1212 3360 ιι.
1238 3306 1282 3360 dic
1305 3307 1476 3361 Erbcaatais

236 3385 466 3453 ριίιοιοιυιεοοίίου
480 3384 707 3456 Ενειίιούιιαυροκ
720 3386 814 3453 αιὀίιιι,
828 3387 887 3440 aad
902 3387 944 3440 bei
958 3385 1045 3440 ἀοκιιι
1058 3387 1102 3439 die
1116 3387 1150 3439 Ν
1152 3386 1282 3439 acbtbec'
1286 3392 1297 3438 t
1311 3385 1476 3456 Fordcrcay

237 3465 299 3516 eslf*
337 3463 475 3516 Sellorum
503 3481 614 3534 quoque
640 3463 835 3535 ἀνυποδησίαν
860 3465 937 3518 illius
963 3465 1034 3519 ritus
1060 3463 1211 3533 vestigium
1234 3463 1368 3532 praebere
1393 3467 1477 3532 putat

239 3542 399 3596 Duemmler
417 3542 517 3601 Philol.
540 3550 608 3599 1897
627 3563 653 3614 p.
669 3551 693 3599 6.
731 3545 772 3599 De
795 3545 878 3599 nudis
904 3543 1011 3614 pueris,
1037 3543 1086 3612 qui
1109 3545 1221 3596 taurum
1241 3542 1270 3594 in
1288 3545 1399 3596 antrum
1418 3545 1476 3613 Ny-

240 3638 336 3675 saeum
368 3622 510 3678 ducebant
544 3643 568 3679 v.
593 3642 677 3695 supra
707 3644 733 3695 p.
754 3631 796 3680 21.
843 3625 991 3690 Sacerdos,
1019 3639 1091 3692 quae
1125 3622 1155 3675 in
1189 3621 1329 3692 Apollinis
1362 3641 1476 3679 nemore

238 3701 367 3771 Epirensi
386 3702 568 3759 dracontibus
588 3721 680 3759 escam
694 3706 857 3775 praebebat,
876 3706 938 3758 erat
956 3703 1045 3774 γυμνή
1064 3700 1223 3769 παρθένος,
1243 3703 1303 3757 Ael.
1318 3704 1344 3759 h.
1358 3721 1381 3759 a.
1397 3706 1435 3757 XI
1450 3713 1474 3759 2.

238 3782 321 3835 Nudo
341 3799 454 3850 corpore
470 3783 645 3853 Strepsiades
664 3786 782 3854 adytum
800 3784 896 3850 intrat,
923 3784 957 3838 cf.
977 3781 1120 3836 Dicterich
1134 3783 1203 3836 Mus.
1219 3783 1307 3838 Rhen.
1323 3789 1357 3838 48
1372 3805 1397 3854 p.
1414 3792 1474 3840 277.

240 3862 340 3916 Nudae
358 3862 484 3916 mulieris
504 3866 599 3918 statua
618 3881 652 3918 ex
670 3880 734 3918 aere
748 3865 826 3919 facta
838 3863 869 3916 in
882 3864 975 3934 Auges
990 3863 1098 3916 tumulo
1112 3863 1299 3932 Pergameno,
1314 3864 1395 3920 Paus.
1411 3867 1476 3919 VIII

237 3949 263 4008 4,
278 3948 302 3995 9.
341 3941 420 4006 Quod
440 3943 477 3996 ad
499 3943 612 4013 magica
634 3943 770 4013 pertinet,
795 3944 830 3997 cf.
849 3943 938 3998 Wess.
959 3942 1005 3996 Gr.
1025 3943 1075 3996 ZP.
1096 3949 1138 4008 21,
1153 3948 1187 3996 26
1198 3960 1252 4010 sq.:
1280 3946 1477 4015 πρααγυεύσας

239 4020 264 4086 ζ’
284 4019 388 4091 ἡμέρας
406 4023 451 4092 (cf.
467 4029 514 4092 22,
530 4026 575 4092 52)
594 4022 686 4077 ἐλθὼν
703 4024 758 4091 πρὸ
777 4031 826 4092 τῆς
844 4022 959 4092 σελήνης
977 4023 1017 4085 είς
1034 4021 1122 4077 τόπον
1140 4021 1406 4093 ἀπογυμνωθείς
1420 4030 1474 4081 κτλ.
1558 4036 1560 4040 ‘

238 4101 276 4156 ib.
293 4107 335 4169 25,
352 4109 403 4156 174
414 4121 469 4171 sq.:
489 4100 674 4171 κατακλίθητι
692 4101 751 4157 dvc
766 4100 874 4173 βλέπον
893 4101 939 4156 ἐπί
952 4103 1004 4170 τήν
1023 4100 1140 4157 σινδόνα
1159 4101 1292 4172 γυμνός.
1321 4105 1358 4158 ib.
1375 4112 1417 4173 22,
1433 4111 1474 4161 89.

241 4182 394 4236 Weinhold
413 4183 431 4236 l.
447 4200 469 4237 c.
484 4201 512 4252 p.
527 4189 562 4236 46
573 4199 632 4250 sqq.
669 4181 747 4237 Riels
766 4181 853 4236 P.-W.
875 4200 894 4236 s.
915 4201 938 4236 v,
959 4182 1071 4252 Abergl.
1086 4201 1113 4252 p.
1130 4189 1171 4252 35,
1183 4190 1208 4238 4.

257 4380 282 4447 1)
301 4376 436 4430 PausssIX
450 4381 493 4445 39,
509 4382 537 4431 8:
557 4375 685 4431 ἐνταῦθα
703 4376 738 4446 δὴ
764 4378 815 4448 χρὴ
834 4387 909 4433 πιεῖν
929 4379 1015 4434 αὐτὸν
1034 4379 1134 4450 Λήθης
1152 4401 1180 4435 τε
1199 4378 1276 4449 ὕδωρ
1295 4382 1477 4452 καλούμενον,

168 4454 216 4511 λ’να
235 4457 309 4526 λήθη
336 4454 450 4526 γένηταί
474 4455 501 4511 ol
523 4455 637 4512 πάντων
661 4456 765 4520 θτέοις
784 4457 940 4527 ἐφρόντιζε,
963 4462 1010 4514 καί
1034 4460 1079 4515 ἐπί
1102 4463 1173 4534 τῷδε
1197 4461 1262 4516 άλλο
1287 4458 1374 4524 αὖθις
1400 4461 1476 4533 ύόωρ

166 4534 242 4590 πίνει
261 4535 459 4605 Μνημοσύνης,
479 4535 535 4590 ἀπὸ
554 4536 655 4591 τούτου
672 4555 702 4592 τε
721 4539 889 4608 μνημονεύει
906 4538 940 4593 τά
960 4539 1089 4610 ὀφθέντα
1109 4541 1135 4595 οἱ
1155 4541 1317 4612 καταβάντι.

256 4619 282 4686 2)
300 4614 360 4670 ἐκεῖ
375 4613 416 4684 (in
432 4617 513 4669 antm
527 4615 734 4688 Trophoniano)
753 4614 804 4674 σύν
820 4619 847 4673 οἱ
866 4620 1016 4689 μυούμενοι
1031 4619 1201 4686 καθέζονται
1215 4621 1261 4675 ἐπί
1275 4631 1326 4676 τοῦ
1342 4622 1477 4692 στόματος

167 4693 277 4768 γυμνοί,
296 4695 345 4750 καί
364 4693 536 4763 άρπάζονται
555 4700 610 4751 κτλ.
