3294 5190
790 309 882 378 Caput
899 310 919 362 I.

273 473 357 527 anim.
368 472 458 526 ΙΧ33.
478 469 638 526 κατέκλινεν
647 471 693 524 Ar.
709 470 791 540 Veap.
809 475 867 525 124.
887 466 1086 537 κατεκλίναμεν
1100 469 1146 522 Ar.
1156 469 1228 522 Plut.
1245 476 1304 525 662.
1329 470 1507 526 κατακλίνειν

274 552 313 607 ib.
329 559 388 606 411.
410 552 444 606 cf.
465 548 649 612 κατακλίσεως
671 549 827 604 Aristidi]
842 545 1130 616 autumaverimus
1154 549 1191 602 id.
1207 556 1267 617 412,
1278 556 1320 603 24.
1339 550 1440 604 Latine
1454 551 1506 604 in·

273 633 410 688 cubare:
430 632 463 687 cf.
483 630 601 684 incubat
618 629 709 684 Plaut.
725 630 833 685 Curcul.
848 635 890 685 61.
911 629 984 683 Serv.
1005 629 1042 681 ad
1060 628 1143 698 Verg.
1163 629 1231 683 Aen.
1250 629 1302 683 VII
1315 636 1357 685 88.
1377 630 1507 685 incubuit

273 714 357 783 Verg.
377 713 445 767 Aen.
464 712 516 765 VH
537 716 579 766 88.
612 710 704 765 Valer.
728 708 842 764 Maxim.
861 709 926 762 VIII
945 714 978 762 16
1011 710 1115 762 extem.
1140 715 1164 763 3.
1189 709 1340 764 incubuere
1372 711 1505 780 Pompon.

274 794 350 847 Mela
369 792 421 860 18,
431 799 473 845 46.
494 790 662 846 incubantes
681 789 829 844 SolinVII
844 794 885 844 10.
910 787 1085 841 incubaturis
1109 788 1225 844 Tertull.
1246 789 1281 843 de
1305 806 1348 843 an.
1368 796 1402 844 48
1426 789 1505 860 Corp.

273 872 373 941 Script.
391 871 466 926 Docl.
486 871 547 925 Lat.
566 870 617 923 XX
634 874 647 923 1
662 888 689 939 p.
706 874 818 941 37916.
833 868 968 924 incubare
987 868 1079 923 Plaut.
1091 868 1167 923 Cure.
1184 876 1243 923 266.
1259 875 1319 924 268.
1344 869 1417 924 Serv.
1437 870 1505 925 Aen.

271 951 322 1005 VH
337 957 379 1006 88.
398 949 511 1004 Hieron.
532 949 569 1003 ad
586 949 640 1004 Jes.
657 955 726 1019 65,4
744 948 955 1020 MignePatrol.
971 950 1030 1002 Lat.
1046 950 1066 1004 t.
1082 955 1116 1004 24
1134 967 1160 1018 p.
1173 954 1223 1003 657
1232 948 1264 1003 A.
1284 949 1318 1004 cf.
1329 950 1508 1005 excubabant

276 1030 331 1086 Cic.
347 1030 382 1085 de
397 1029 452 1084 dir.
466 1031 479 1083 Ι
493 1035 537 1096 43,
548 1035 589 1084 96.

292 1157 362 1222 Hac
385 1157 487 1242 igitur
511 1157 717 1221 incubatione
737 1157 946 1240 efficiebatur,
964 1160 1002 1220 ut
1020 1156 1166 1221 homines
1186 1178 1257 1221 cum
1277 1156 1327 1221 dis
1346 1180 1402 1241 per
1426 1181 1508 1222 sorn-

204 1279 283 1321 num
306 1259 440 1340 possent
463 1256 622 1341 congredi,
646 1254 827 1342 oolloqnfl),
850 1254 1052 1338 quaestiones
1075 1254 1231 1338 proferre,
1254 1277 1406 1338 responsa
1429 1257 1507 1321 acci-

202 1376 285 1439 pere.
331 1352 370 1418 Id
393 1355 479 1438 quod
502 1353 709 1438 exprimitur,
733 1375 805 1418 cum
829 1351 941 1417 Celsus
965 1351 1050 1435 apud
1073 1350 1161 1436 Orig.
1180 1372 1205 1416 e.
1226 1351 1306 1417 Gela.
1325 1352 1389 1417 VII
1404 1353 1446 1418 35
1471 1355 1508 1418 de

203 1452 400 1538 Trophonio,
422 1451 629 1537 Amphiara0,
652 1450 766 1536 Mopso
790 1451 882 1535 dicit,
905 1450 956 1515 ὅτι
979 1452 1097 1527 ὄψεταί
1117 1473 1167 1527 τις
1194 1450 1317 1526 αὐτοὺς
1340 1451 1400 1534 οὐχ
1424 1452 1508 1529 ἅπαξ

132 1600 135 1605 -
204 1549 466 1636 παραρρυέντας,
490 1601 496 1613 .
521 1601 527 1614 .
552 1600 558 1613 .
582 1547 651 1615 ἀλλ’
681 1546 731 1614 ἀεὶ
755 1559 824 1625 τοῖς
847 1546 1064 1632 βουλομένοις
1087 1545 1326 1634 δμιλοῦντοιςῖ).

292 1647 548 1712 Consentaneum
572 1651 621 1711 est
648 1646 699 1711 rel
723 1668 777 1711 eos
805 1645 961 1729 homines,
994 1645 1050 1728 qui
1082 1645 1116 1708 in
1149 1645 1277 1729 templis
1305 1646 1509 1730 incubabant,

204 1768 270 1810 non
294 1767 419 1830 semper
442 1744 567 1810 somnia
589 1746 759 1829 perspicua
782 1743 950 1828 accepisse,
973 1742 1062 1808 velut
1086 1741 1305 1826 Cappadocem
1328 1742 1429 1828 ilium,
1453 1745 1508 1828 qui

191 2004 193 2008 ·
292 1976 318 2045 1)
337 1973 371 2028 cf.
392 1975 426 2028 de
444 1973 535 2028 Fauni
553 1973 665 2030 oraculo
679 1975 762 2043 Verg.
782 1973 849 2028 Aen.
869 1973 921 2028 VH
935 1979 968 2027 88
975 1991 1049 2042 sqq.:
1069 1973 1235 2040 „(sucer‹ios)
1249 1973 1368 2040 pellibus
1385 1975 1511 2029 incubuit

200 2055 295 2110 stratis
312 2071 469 2124 εονιιιοεραο
483 2056 590 2124 petiuit,
606 2057 609 2125 t
626 2055 712 2109 ruultu
731 2054 818 2108 inedia
839 2054 989 2108 airuutocru
1006 2053 1079 2107 uidet
1096 2053 1242 2108 volitantia
1260 2053 1358 2123 uictrici
1375 2061 1399 2109 et
1416 2055 1510 2109 curius

202 2136 283 2190 audit
299 2152 374 2191 uoces
391 2136 588 2204 fruiturque
605 2135 716 2189 demum
733 2136 736 2203 Ι
752 2135 955 2203 conloquar

291 2217 318 2284 2)
337 2213 437 2268 Elucet
455 2230 489 2268 ex
507 2213 551 2267 his
570 2213 761 2283 Trophonium
784 2214 882 2268 eodem
903 2214 987 2267 modo
1005 2211 1168 2280 vaticinari,
1187 2229 1242 2282 quo
1261 2212 1463 2282 Amphiaraum
1482 2217 1511 2268 et

203 2294 343 2363 Mopsum,
362 2294 389 2349 h.
405 2311 428 2348 e.
447 2311 497 2363 per
515 2311 651 2349 somnum.
680 2293 856 2361 Quamquam
874 2310 931 2347 non
948 2310 1084 2364 negamus
1104 2292 1229 2361 aliquam
1253 2295 1362 2348 exstare
1381 2293 1510 2348 differen-

203 2372 281 2427 tiam.
318 2373 392 2428 Nam
415 2391 479 2427 cnm
502 2374 578 2443 apud
602 2377 709 2429 ceteros
735 2374 802 2428 deos
825 2373 855 2426 in
877 2373 1002 2442 ipsorum
1020 2372 1134 2443 templis
1152 2372 1328 2440 incubarent,
1348 2373 1423 2443 apud
1442 2373 1509 2427 Tro-

202 2451 338 2522 phonium
357 2452 388 2505 in
406 2456 518 2507 antrum
537 2456 598 2508 erat
616 2454 853 2523 descendendum
872 2453 922 2507 ubi
940 2456 1036 2508 tamen
1053 2453 1199 2521 πνεύματα
1213 2453 1352 2521 quaedam
1373 2455 1407 2522 (v.
1424 2453 1508 2506 schol.

204 2534 251 2587 Ar.
270 2533 344 2588 Nub.
365 2539 416 2588 508
435 2534 455 2587 Ι.
472 2534 557 2590 schol.
576 2534 661 2591 Arist.
681 2534 719 2588 III
737 2553 764 2604 p·
780 2539 822 2602 65,
846 2539 880 2587 30
895 2533 977 2588 Dind.
993 2533 1109 2588 Aristot.
1130 2533 1164 2587 de
1183 2532 1288 2586 mundo
1307 2540 1365 2602 tp.
1381 2533 1459 2585 3955
1474 2539 1508 2586 26

203 2613 290 2668 Bekk.
306 2613 383 2668 Stob.
398 2614 482 2683 Phys.
497 2614 588 2682 Ι34,2
603 2633 629 2683 p.
647 2619 697 2668 185
713 2613 810 2684 Mein.)
824 2613 954 2667 videntur
967 2612 1093 2667 homines
1109 2611 1246 2667 eiusmodi
1261 2629 1357 2666 somno
1372 2612 1509 2680 affecisse,

202 2711 257 2762 quo
284 2693 387 2748 adres
411 2692 520 2747 divinas
538 2693 734 2763 percipiendas
757 2693 852 2747 idonei
874 2692 944 2747 facti
968 2693 1032 2748 sint.
1069 2692 1168 2760 Itaque
1191 2691 1381 2746 Tertullianus
1405 2692 1440 2747 de
1465 2710 1508 2747 an.

201 2780 235 2828 46
256 2773 283 2827 0.
304 2773 330 2827 S.
350 2773 381 2827 Ε.
400 2773 430 2826 L.
449 2773 500 2826 XX
520 2780 533 2827 1
553 2792 580 2842 p.
596 2779 656 2842 377,
680 2772 730 2827 ubi
754 2773 867 2827 oracula
885 2775 1040 2840 enumerat,
1058 2771 1161 2840 quibus
1179 2789 1229 2841 per
1251 2789 1379 2826 somnum
1402 2772 1510 2826 divina-

200 2854 297 2922 batur,
321 2852 512 2922 Trophonium
530 2870 640 2922 quoque
660 2855 866 2907 commemorat.
903 2851 1037 2917 Boeotiis,
1057 2851 1106 2919 qui
1127 2869 1144 2905 a
1161 2850 1317 2905 Thracibus
1337 2852 1461 2921 superati
1480 2853 1511 2907 in

202 2933 315 2985 antrum
344 2931 403 2986 eius
431 2932 627 3002 confugerant,
652 2950 703 3002 per
730 2933 865 2988 somnium
892 2931 942 2985 ille
969 2931 1123 3001 Dionysum
1152 2931 1288 2985 auxilium
1315 2933 1511 3001 praebiturum

201 3010 350 3066 nuntiavit.
389 3012 423 3066 cf.
443 3013 523 3068 Phot.
544 3031 565 3067 s.
584 3031 608 3066 v.
629 3013 727 3067 Λύσιοι
745 3009 862 3067 τελεταί·
883 3012 914 3066 αἱ
932 3011 1088 3066 Διονύσου·
1114 3012 1231 3066 Βοιωτοί
1249 3011 1302 3083 γὰρ
1322 3011 1436 3076 ἁλόντες
1454 3014 1509 3068 ὑπὸ

204 3094 323 3167 Θρᾳκῶν
337 3093 386 3146 καί
401 3091 538 3163 φυγόντες
551 3093 591 3156 είς
608 3091 786 3162 Τροφωνίου,
800 3091 874 3146 κατ’
890 3091 972 3159 ὄναρ
988 3089 1097 3147 ἐκείνου
1116 3090 1256 3148 Διόνυσον
1272 3092 1386 3148 ἔσεσθαι
1401 3094 1511 3165 βοηθὸν

204 3171 354 3242 φήσαντος,
368 3172 523 3241 μεθύουσιν
537 3171 700 3242 ἐανθέμενοι
712 3181 772 3234 τοῖς
788 3173 894 3247 Θρᾳξίν
908 3171 1007 3227 ἔλυσαν
1022 3170 1162 3239 ἀλλήλους.
1191 3171 1225 3226 of.
1238 3171 1314 3227 Suid.
1331 3191 1351 3228 s.
1363 3193 1386 3227 v.
1403 3174 1509 3228 eadem.

203 3252 328 3321 Apostol.
347 3252 372 3305 X
388 3257 421 3306 99
441 3252 702 3323 (Paroem.11513).
725 3252 860 3306 Arsenius
883 3251 956 3306 Viol.
976 3269 1002 3320 p.
1019 3257 1070 3305 340
1094 3252 1183 3307 Walz.
1203 3253 1312 3321 (Αίσιω
1335 3256 1441 3308 τελεταὶ
1461 3255 1510 3307 καὶ

202 3332 290 3386 λυσαν
304 3330 437 3399 ἀλλήλους
450 3332 587 3401 praebent
596 3332 648 3402 Ap.
659 3331 719 3386 Ars.
730 3332 758 3386 Il.
769 3349 807 3386 co.
820 3331 926 3386 Ultima
942 3331 1029 3386 verba
1048 3348 1063 3386 e
1082 3335 1215 3388 contextu
1228 3332 1259 3386 in
1277 3332 1392 3387 titulum
1412 3333 1510 3387 ablata

203 3413 282 3478 sunt;
305 3429 330 3464 v.
358 3410 480 3465 Leutsoh
499 3412 535 3466 ad
554 3412 606 3481 Ap.
629 3413 682 3466 Pro
707 3411 805 3468 ἔλυσαν
833 3411 967 3480 ἀλλήλους
994 3411 1128 3466 Arsenius
1152 3412 1267 3466 exhibet
1289 3414 1337 3466 καὶ
1360 3412 1510 3481 ἐλύθησαν,

204 3489 330 3558 Apostol.
349 3492 398 3545 uui
416 3491 597 3561 διελύθησαν.
628 3492 697 3546 ‘uui'
721 3491 794 3545 illud
817 3492 939 3562 irrepsit,
957 3491 1026 3561 quia
1043 3492 1198 3561 μεθύουσιν
1217 3498 1241 3547 3.
1256 3492 1327 3560 plur.
1342 3491 1400 3546 ind.
1419 3507 1509 3560 praes.

204 3585 265 3623 esse
282 3569 437 3639 putabant,
456 3571 622 3640 praesertim
641 3589 703 3625 cum
721 3571 851 3642 Dionysii
875 3571 1011 3626 auxilium
1030 3570 1171 3626 efficacius
1190 3571 1338 3640 videretur,
1358 3570 1382 3624 si
1400 3571 1511 3625 Boeotii

201 3647 258 3718 ipsi
282 3648 347 3705 vino
370 3649 482 3720 impleti
492 3651 599 3722 ,hostes
622 3651 774 3722 vicissent.)
811 3651 889 3717 Quae
911 3652 943 3706 in
961 3651 1104 3706 Timarchi
1121 3650 1284 3706 narratione
1303 3650 1443 3720 leguntur,
1462 3651 1511 3719 qui

203 3728 393 3797 Trophonium
418 3731 599 3787 consultavit:
633 3732 686 3803 ἔφη
710 3732 742 3787 δὲ
765 3733 891 3805 καταβὰς
914 3733 954 3795 είς
976 3732 1007 3786 τδ
1036 3740 1168 3801 μαντεῖον
1190 3734 1399 3785 ...κεῖσθαι
1423 3732 1511 3786 τολὺν

202 3806 315 3878 χρόνον,
343 3809 381 3863 ot
404 3809 478 3878 μάλα
507 3823 711 3882 συμφρονῶν
740 3813 863 3884 ἐναργῶς
896 3809 954 3867 εἴτ’
982 3809 1168 3882 ἐγρήγορεν
1198 3808 1256 3865 εἴτ’
1284 3811 1511 3879 ὠνειροπόλει

205 3887 289 3957 (Plut.
309 3889 344 3942 de
364 3906 426 3959 gen.
447 3890 520 3946 Scor.
540 3898 574 3946 22
593 3912 619 3962 p.
635 3898 688 3948 590
696 3894 740 3964 Β),
759 3893 787 3947 in
806 3893 970 3949 memoriam
984 3892 1119 3946 revocant
1133 3907 1217 3960 supra
1236 3907 1253 3944 a
1271 3890 1353 3944 nobis
1373 3892 1511 3946 adnotata

203 3968 248 4037 (of.
258 3985 285 4036 p.
296 3970 331 4039 4).
364 3968 491 4039 Denique
506 3971 535 4025 in
550 3972 676 4028 eiusdem
689 3972 859 4029 narrationis
878 3974 933 4026 fine
952 3972 987 4026 de
1002 3970 1107 4039 seipso
1121 3970 1285 4025 Timarchus
1303 3971 1374 4026 haec
1391 3973 1509 4042 profert:

203 4045 263 4104 εἶτα
281 4047 376 4118 μέντοι
399 4049 467 4119 μετὰ
490 4053 589 4122 μικρὸν
617 4054 774 4125 ἀνενεγκὼν
798 4054 868 4123 δρῶν
887 4052 974 4107 αὑτὸν
993 4051 1023 4106 ἐν
1045 4049 1213 4119 Τροφωνίου
1230 4051 1308 4119 παρὰ
1327 4051 1378 4121 τὴν
1392 4053 1511 4120 εἴσοδον,

203 4125 288 4197 οὗπερ
312 4129 340 4195 ἐξ
364 4130 451 4201 ἀρχῆς
473 4132 674 4205 κατεκλίθη,
698 4132 865 4203 κείμενον.
892 4166 923 4173 -
949 4133 990 4187 De
1009 4130 1180 4186 adeuntibus
1200 4131 1390 4201 Trophonium
1409 4134 1512 4187 dicitur

202 4206 401 4279 συγγίγνεσθαι
423 4217 461 4285 τῷ
488 4212 650 4286 Τροφωνίῳ,
669 4234 692 4268 v.
712 4213 874 4269 Philostrat.
898 4211 954 4266 Vit.
980 4212 1071 4281 Apoll.
1096 4211 1160 4265 VIII
1175 4218 1207 4265 19
1222 4231 1248 4281 p.
1264 4218 1328 4281 335,
1355 4219 1370 4266 8
1389 4214 1510 4283 Kayser:

202 4289 262 4343 ἐπεὶ
280 4295 318 4362 τῷ
340 4290 495 4366 Τροφωνίῳ
509 4294 590 4364 μήπω
604 4292 765 4364 ξυγγίγονα.
794 4294 867 4348 Max.
883 4292 946 4362 Tyr.
957 4291 1023 4346 diss.
1040 4299 1081 4360 14,
1097 4298 1126 4347 2ε
1146 4291 1161 4346 ὁ
1176 4290 1308 4362 δεόμενος
1327 4293 1512 4362 συγγενέσθαι

200 4375 239 4442 τῷ
257 4369 400 4445 Ιδαιμονίῳ
419 4376 466 4443 (so.
486 4373 665 4444 Trophonio).
708 4373 761 4427 Vel
785 4373 813 4435 ἐς
835 4371 958 4438 διάλεξιν
981 4371 1121 4442 ἔργεσθαι,
1145 4392 1168 4426 v.
1187 4372 1318 4428 Philostr.
1343 4371 1510 4442 Vir.Ap011.

202 4449 240 4505 ib.
264 4469 291 4520 p.
311 4457 371 4520 336,
396 4459 425 4508 2:
463 4453 558 4524 ἐχώρει
583 4449 756 4522 διτοχθδνιος
780 4451 968 4523 (Apollonius)
988 4497 993 4507 .
1015 4497 1020 4507 .
1047 4452 1179 4521 audalrico
1205 4453 1234 4516 ἐς
1259 4452 1382 4518 διάλεξιν
1410 4451 1511 4507 ἑαυτὸν

202 4527 316 4594 στείλας.
350 4530 475 4614 Quocum
489 4530 609 4587 conferri
622 4533 716 4600 potest
729 4531 767 4586 ib.
782 4532 822 4586 IV
842 4537 887 4586 16:
916 4532 944 4595 ἐς
959 4531 1082 4598 διάλεξιν
1096 4543 1145 4588 τοῦ
1161 4530 1298 4604 Ἀχιλλέως
1311 4525 1402 4600 ήλθον
1417 4534 1512 4604 (verba

202 4610 355 4680 Apollonii,
366 4611 415 4680 qui
425 4610 545 4666 Achillis
553 4611 691 4666 tumulum
707 4612 834 4683 adierat).
850 4613 975 4683 ἐντυχεῖν
988 4617 1068 4675 θεοῖς
1083 4612 1152 4681 δναρ
1169 4613 1203 4667 de
1217 4611 1384 4682 Epimenide
1399 4613 1511 4684 dicitur,

201 4690 250 4762 qui
269 4690 299 4745 in
317 4689 389 4745 Iovis
408 4690 521 4747 Dictaei
540 4692 621 4748 antro
639 4694 811 4763 versabatur,
830 4695 903 4749 Max.
924 4693 987 4765 Tyr.
1009 4693 1075 4749 diss.
1099 4699 1141 4763 16,
1162 4698 1184 4747 1.
