3294 5190
166 322 187 383 2
748 319 840 389 Caput
857 319 876 372 1.

167 481 349 565 dispertitio
374 481 430 544 illa
453 480 609 545 tribuitur
634 480 822 565 ‘antiquis’z
846 479 909 546 stat
932 481 996 566 γὰρ
1020 481 1167 567 διάφορα
1190 482 1230 546 ιὰ
1257 482 1358 567 παρὰ
1388 493 1470 558 τοῖς

165 585 350 656 παλαιοῖς
372 577 547 663 τεθειμένα
565 589 635 656 τοῖς
656 577 733 644 καθ’
756 577 884 655 ὕπνους
906 576 1131 663 φαινομένοις.
1168 576 1293 664 (Migne
1306 578 1469 662 Patrolog.

165 675 218 740 Gr.
239 679 260 741 t.
283 677 344 740 149
364 700 395 761 p.
411 676 474 741 608
490 673 542 765 Α.)
579 675 783 761 Nicephorus
807 674 975 760 Gregoras,
999 698 1137 760 quocum
1159 675 1343 740 Macrobius
1367 675 1469 739 multo

164 774 269 859 magis
307 775 456 859 congruit
497 796 594 858 quam
631 797 704 838 cum
735 771 955 858 Artemidoro,
988 795 1026 836 ex
1064 773 1175 837 eodem
1207 774 1295 837 fonte
1326 774 1470 837 hausisse

164 871 306 956 videtur,
339 872 377 936 de
404 894 468 955 quo
500 871 555 935 ille
588 871 755 936 scientiam
788 893 879 935 suam
911 870 1080 956 derivavit3
1107 871 1292 936 Macrobius
1325 872 1410 935 enim
1437 872 1470 934 in

165 969 363 1053 explicandis
383 969 582 1033 somniorum
601 969 772 1055 generibus
792 968 926 1032 eundem
946 968 1095 1034 observat
1118 969 1276 1053 ordinem,
1300 991 1363 1053 quo
1386 969 1471 1053 apud

164 1066 385 1151 Nicephorum
414 1070 641 1131 enumerantur
674 1065 708 1153 (l.
729 1064 782 1153 e.):
816 1065 913 1131 πέντε
944 1067 1007 1152 γάρ
1041 1083 1123 1150 φασι
1156 1068 1285 1132 τούτων
1314 1063 1399 1131 εἶναι
1431 1067 1470 1130 τὰ

165 1167 253 1249 εἴδη·
278 1157 326 1229 ὧν
348 1166 385 1230 πὸ
409 1161 470 1249 μέν
493 1164 713 1248 ὀνομάζουσιν
736 1162 910 1247 ἐνύπνιον,
934 1165 971 1229 τὸ
996 1161 1032 1229 dl
1055 1166 1246 1250 φάντασμα,
1269 1165 1306 1230 τὸ
1335 1161 1371 1229 dl
1394 1188 1470 1249 χρη-

168 1266 346 1347 ματισμόν,
380 1263 417 1327 τὸ
455 1259 493 1327 δὲ
525 1263 647 1349 ὅραμα,
680 1263 717 1327 τὸ
749 1259 786 1326 δὲ
822 1263 963 1348 ὄνειρον.
1018 1260 1164 1337 Quocum
1200 1261 1295 1345 plane
1331 1261 1471 1325 concinit

167 1360 352 1424 Macrobius
381 1360 455 1423 inde
483 1381 502 1422 a
534 1360 565 1444 3,
583 1360 614 1443 4,
650 1360 705 1423 ubi
740 1359 888 1423 diffusius
916 1359 1043 1444 singula
1071 1363 1202 1424 tractat:
1233 1359 1394 1424 ένύπνιον
1421 1356 1470 1445 (4)

166 1459 341 1543 φάντασμα
369 1455 419 1544 (7)
444 1456 608 1521 oraculum
633 1454 682 1544 (8)
706 1456 788 1521 visio
813 1454 863 1543 (9)
887 1457 1048 1521 somnium
1077 1456 1157 1544 (10).
1208 1456 1363 1523 Necnon
1388 1457 1471 1519 inter

166 1554 312 1639 exempla
342 1577 360 1618 a
390 1554 555 1618 Macrobio
587 1559 618 1618 et
646 1554 831 1638 Nicephoro
868 1553 1024 1640 Gregora,
1053 1559 1090 1618 ut
1120 1576 1237 1640 genera
1260 1553 1316 1617 illa
1347 1554 1470 1616 diversa

166 1653 375 1736 illustrarent,
398 1652 497 1716 allata
520 1652 643 1737 aliquid
666 1652 835 1716 intercedit
858 1652 1088 1716 similitudinis.

255 1749 427 1814 Artissime
451 1771 526 1815 vero
551 1772 623 1814 eum
646 1749 803 1813 Macrobii
827 1749 897 1814 loco
922 1749 1144 1834 coniungenda
1167 1752 1254 1833 sunt,
1304 1769 1364 1811 uae
1387 1748 1471 1830 apud

166 1845 526 1932 Pseudo-Augustinum
541 1847 589 1911 De
609 1847 727 1931 spiritu
741 1851 773 1911 et
788 1847 895 1911 anima
909 1847 952 1910 25
966 1851 989 1910 t.
1003 1847 1047 1911 40
1061 1870 1091 1931 p.
1104 1846 1167 1910 798
1186 1845 1297 1930 Migne
1310 1845 1470 1930 leguntur.

168 1945 261 2022 Quod
284 1967 357 2010 curn
381 1967 419 2009 ex
443 1946 483 2009 iis
507 1945 619 2030 elucet,
643 1968 724 2030 quae
743 1945 796 2009 hic
815 1945 882 2009 illic
906 1945 944 2008 de
963 1945 1162 2008 somniorum
1182 1943 1376 2025 dispertione
1399 1965 1470 2025 pro-

166 2045 327 2108 feruntur:
1281 2054 1283 2058 ⁴

355 2159 495 2224 Macrob.
514 2158 574 2244 13,
585 2160 614 2223 2.
971 2156 1240 2242 Ps-Augustinus
1263 2156 1283 2220 l.
1303 2177 1328 2220 o.

211 2259 410 2342 „ornna‘nrn,
441 2279 534 2340 qnae
569 2258 696 2322 cidere
731 2255 807 2319 star·
872 2255 1470 2337 „ornniarnqaaese'bc'ae'ctereaa'-

168 2357 393 2421 dormientes
423 2357 610 2438 videntur,
646 2355 806 2436 quinque
832 2352 965 2416 dentur
1019 2353 1257 2436 dormientes,
1311 2353 1472 2433 quinque

166 2459 254 2518 sant
280 2453 472 2534 prinnpales
503 2458 532 2516 et
557 2453 747 2517 diversitates
778 2455 806 2514 et
832 2454 920 2514 sant
944 2471 1073 2532 penera;
1101 2451 1237 2514 uidelicet
1264 2448 1471 2525 oraontarn,

167 2551 324 2615 noninaf‘
357 2548 515 2615 Secuntur
537 2549 667 2614 nomina
691 2569 727 2611 co
756 2570 804 2612 or·
832 2549 942 2632 ar‘sr'o,
969 2549 1165 2633 sennenn,
1192 2548 1423 2611 tasoncne'arn
1445 2550 1473 2607 et

171 2648 257 2733 dine,
286 2670 381 2732 quem
408 2647 633 2711 adnotavimus
656 2666 728 2730 pag.
750 2646 783 2731 l.¹
826 2645 1082 2726 phantasma.“

169 2811 239 2872 tum
267 2808 407 2871 maxime
444 2806 700 2890 confirmabitur,
736 2825 809 2869 cum
841 2805 985 2890 singalas
1023 2826 1133 2869 eorum
1171 2803 1345 2867 contuleris
1373 2801 1472 2885 expli-

169 2906 323 2972 cationes:

320 3029 461 3094 Macrob.
480 3028 496 3093 I
515 3029 546 3115 3,
559 3030 655 3113 4sqq.
1052 3024 1255 3112 Ps-August.

213 3129 243 3192 4.
264 3134 336 3214 „est
354 3130 437 3193 enirn
457 3128 658 3211 ἐνύπνιον,
672 3127 808 3208 quotiens
880 3126 1124 3203 „insonantem
1139 3124 1336 3206 est,qnando
1351 3123 1475 3204 idonea

168 3217 259 3291 cara
282 3228 420 3310 oppressi
438 3227 540 3291 antrat
558 3226 728 3306 οοιμονιονο
745 3224 809 3288 siae
833 3224 1068 3305 fatipaaerat
1085 3223 1316 3305 aiptlantern,
1335 3221 1475 3302 inperat

168 3328 328 3408 fortunae,
351 3324 455 3406 unalis
477 3324 696 3406 crepitantem
716 3323 808 3404 fatt-
835 3341 872 3384 se
894 3322 1108 3397 dernientt·
1127 3322 1207 3384 stent
1223 3324 1268 3383 est
1288 3319 1363 3381 etbe'
1385 3337 1473 3380 cara

166 3426 335 3506 paverat,
368 3422 461 3486 taen
490 3441 527 3485 se
553 3421 694 3503 inperat
724 3421 809 3484 aar·
835 3419 881 3482 ael
899 3418 1027 3500 potns‘
1051 3439 1075 3480 e.
1095 3440 1124 3499 q.
1144 3440 1167 3480 s.

169 3521 304 3584 retenti
327 3569 490 3583 ......
509 3519 645 3600 corporis
645 3567 808 3597 ......

169 3617 199 3682 δι’
221 3617 359 3682 esuriens
385 3617 506 3681 cr‘barn
535 3621 591 3681 ant
610 3621 740 3698 patara
766 3615 809 3679 sa'-

174 3715 253 3780 ta'ens
275 3716 448 3780 desiderare
472 3765 478 3778 .
503 3765 509 3777 .
533 3765 540 3777 .
562 3714 729 3778 videatnrf‘

217 3910 246 3974 7.
270 3911 496 3994 »φάντασμα
518 3930 596 3993 earo,
619 3909 740 3974 boeest
765 3908 810 3971 a·-
882 3906 1123 3988 ,pbantasrna
1159 3909 1215 3987 est,
1251 3904 1374 3985 qnando
1411 3904 1475 3984 ant

136 4081 138 4086 ,
174 4028 252 4088 sara,
275 4028 344 4072 carn
366 4008 449 4071 r'nter
466 4007 608 4090 ne’pe'b'arn
626 4011 654 4071 et
671 4006 811 4071 adultam
837 4004 900 4068 eta
922 4003 1084 4067 dormire
1106 4003 1235 4085 eoepit,
1255 4005 1284 4064 et
1300 4002 1418 4064 adbnc
1440 4020 1475 4063 se

171 4107 301 4188 qntetcrn
318 4106 355 4169 a'n
372 4106 517 4191 quadan,
539 4111 575 4169 at
591 4105 689 4189 aiant,
701 4105 812 4187 pra‘rna
838 4102 1000 4184 aiptlare
1017 4101 1223 4184 existimat,
1237 4100 1404 4181 aspicere
1421 4099 1475 4161 αι’-

171 4205 275 4270 sornna'
303 4203 415 4269 nabala
443 4204 561 4268 adbuc
587 4223 624 4267 se
649 4202 812 4285 ospitare
839 4201 945 4264 detur
968 4200 1153 4263 irrnentes
1175 4199 1215 4261 ιἰι
1239 4217 1287 4281 se,
1314 4196 1369 4260 ael
1387 4215 1475 4277 pas-

173 4303 393 4386 aestr‘naans,
438 4302 502 4383 qni
547 4301 711 4365 dormire
750 4299 813 4363 οιίι
839 4300 908 4363 sa'rn
944 4301 1122 4380 napantes
1160 4298 1304 4378 fornas
1339 4294 1475 4356 discre-

173 4401 303 4483 caepit,
322 4400 487 4481 aspicere
505 4399 650 4463 ridetur
667 4399 812 4462 a'rrnen·
834 4401 970 4478 pantes
1010 4400 1039 4459 et
1077 4395 1221 4476 carias,
1262 4393 1382 4456 laetas
1421 4389 1476 4452 aet

173 4502 226 4562 tes
252 4497 293 4560 a'n
315 4506 360 4561 'se
386 4496 442 4560 aet
462 4497 610 4578 passim
636 4499 813 4577 napantes
840 4494 1081 4559 tnrbnlentas.
1123 4493 1164 4556 tn
1190 4491 1253 4555 boe
1272 4508 1403 4570 ponere
1425 4491 1478 4550 est

171 4596 315 4676 fornas
337 4616 358 4658 a
380 4599 497 4659 natare
525 4615 578 4658 sea
600 4594 814 4676 napnttnda'ne
840 4592 1034 4674 ephialtes
1070 4610 1172 4673 qaern
1202 4585 1357 4670 publiea
1392 4606 1477 4666 per-

173 4712 227 4757 sen
248 4693 346 4776 specte
368 4693 639 4776 discrepantes,
665 4693 813 4755 aara'as-
839 4691 968 4754 snasa'o
1022 4691 1248 4772 patescentes
1300 4684 1478 4765 opinatur
