3294 5190
220 334 263 396 30
590 370 594 377 ι
797 332 888 402 Caput
904 333 938 388 Il.

221 495 386 580 120,103;
410 506 514 578 κοιμῶ
538 491 645 579 (κυμω
669 493 755 580 pap.)
779 491 817 558 dt
840 493 893 558 ἐπὶ
916 498 1041 580 θρυΐνῃ
1065 493 1221 581 ψιάθροῑ).
1259 493 1383 571 Quibus
1402 495 1534 558 duobus

222 593 302 657 locis
325 593 462 676 exprimi
490 592 617 656 videtur
644 613 710 655 non
741 592 775 655 in
803 591 900 675 lecto,
931 592 986 656 sed
1019 591 1053 654 in
1084 589 1166 653 solo
1197 591 1418 655 dormiendum
1449 614 1532 655 esse.

220 689 310 755 Idem
339 691 421 754 ritus
449 690 552 774 magis
580 690 746 772 perspicue
775 689 938 753 invenitur
964 686 1083 751 Abrax.
1109 688 1305 773 171,14sq.:
1334 688 1459 754 ὁπόταν
1493 686 1533 753 δὲ

219 785 355 871 γένηται
386 786 423 852 ἐν
454 796 536 875 κριῷ
571 785 627 872 (sc.
655 785 675 868 ἡ
706 785 856 873 σελήνη),
888 789 1090 871 χαμαικοίτει
1122 788 1186 872 πρὸ
1219 799 1296 871 μιᾶς
1328 793 1432 850 εῖκοσι
1462 793 1533 850 θυ-

221 885 339 961 σιάσας
366 889 433 949 κτλ.
464 884 503 947 cf.
522 883 564 946 ib.
586 883 659 966 180,
673 882 781 968 5sqq.:
808 885 1038 970 προαγνεύσας
1070 878 1147 967 οὖν,
1180 884 1225 960 ὡς
1254 896 1429 971 προεῖπον,
1461 885 1531 969 πρὸ

223 980 302 1047 ἑπτὰ
325 981 457 1065 ἡμερῶν
481 983 620 1064 σελήνης
650 983 826 1064 λειπούσης
855 984 937 1046 κατὰ
965 982 1026 1064 τὴν
1054 982 1200 1046 σύνοδον
1222 992 1444 1066 χαμαικοιτῶυ
1474 979 1531 1046 ἐπὶ

221 1081 351 1155 ψιάθου
380 1083 532 1163 θρυΐυης.
577 1077 794 1143 Adnectamus
826 1078 929 1143 Wess.
957 1077 1048 1143 Neue
1082 1078 1135 1142 Gr.
1163 1078 1224 1143 ΖΡ,
1252 1080 1305 1163 47,
1320 1079 1459 1163 813sqq.
1485 1110 1531 1130 =

220 1176 299 1240 Ken.
322 1177 394 1260 108,
410 1176 560 1261 747sqq.:
584 1175 658 1253 θεὶς
679 1176 745 1241 ὑπὸ
769 1178 806 1242 τὸ
829 1173 1129 1263 προσκεφάλαιονῗ)
1153 1177 1189 1241 τὸ
1212 1175 1397 1263 amovet)
1420 1188 1531 1260 κοιμῶ

222 1272 339 1358 μηδενὶ
363 1276 445 1350 δοὺς
467 1273 644 1360 ἀπόκρισιν
667 1273 860 1357 ἁγ[ν]εύσας
886 1272 1010 1360 ἡμέρας
1032 1275 1068 1358 ν,
1092 1273 1237 1337 versibus
1265 1274 1532 1338 antecedentibus

220 1372 337 1455 810sq.
353 1403 395 1425 =
413 1371 528 1455 744sq.
552 1371 727 1435 adorantur
750 1373 786 1436 ol
805 1373 916 1456 κύριοι
933 1375 1023 1436 deod:
1045 1371 1268 1458 χρηματίσατέ
1288 1396 1344 1456 μοι
1367 1369 1443 1457 περὶ
1466 1381 1533 1436 τοῦ

220 1467 330 1556 A(=
346 1467 455 1556 δεῖνα)
478 1469 669 1553 πράγματος
691 1470 793 1555 ταύτῃ
816 1479 856 1555 τῇ
879 1472 989 1549 νυκτί,
1013 1492 1076 1553 quo
1100 1492 1139 1533 ex
1162 1468 1232 1534 loco
1256 1491 1427 1554 agnoscere
1451 1469 1533 1533 licet

221 1571 412 1631 nocturnam
437 1567 615 1650 exspectari
638 1566 804 1652 visionem,
827 1589 890 1651 qua
913 1566 931 1632 ὁ
955 1569 1049 1633 δεῖνα
1072 1568 1224 1632 derebus
1248 1567 1438 1651 quibusdam
1462 1589 1533 1631 eer-

222 1666 286 1728 tior
310 1665 379 1728 vult
402 1665 480 1728 fieri.
526 1663 648 1728 Tamen
671 1665 820 1728 omnibus
847 1664 927 1729 locis
954 1665 1058 1728 adhuc
1081 1666 1256 1749 perspectis
1285 1667 1372 1729 deest
1395 1667 1534 1749 quaevis

223 1763 421 1826 somniorum
445 1763 714 1826 commemoratio.

311 1859 523 1942 Aliquantum
534 1860 728 1943 proficimus,
739 1881 811 1924 cum
826 1860 867 1924 ad
876 1859 1007 1924 illorum
1020 1864 1264 1945 praeceptorum
1280 1861 1393 1924 seriem
1408 1860 1534 1924 accedi-

220 1980 299 2041 mus,
310 1980 390 2041 quae
405 1958 647 2040 inscriptionem
657 1957 811 2022 exhibent
821 1956 1109 2045 ‘'Ovecpccrqtdv’,
1124 1959 1210 2042 quod
1224 1957 1446 2022 abbreviatum
1461 1980 1532 2021 sae-

219 2055 292 2138 pius
306 2055 427 2140 legitur
445 2056 479 2120 in
496 2057 627 2140 papyris
646 2055 708 2120 hoc
726 2056 834 2120 modo:
851 2055 1231 2142 Ovscps.'0vstpacqudv
1245 2056 1346 2139 docet,
1366 2056 1534 2139 quomodo

222 2154 327 2236 possis
351 2156 456 2218 αἰτεῖν
479 2155 623 2240 ὄνειρον,
646 2153 676 2216 h.
696 2175 721 2217 e.
746 2153 824 2237 quid
847 2154 908 2217 tibi
930 2154 1110 2217 faciendum
1135 2155 1190 2237 sit,
1217 2157 1255 2217 ut
1281 2177 1339 2237 per
1366 2156 1534 2218 somnium

221 2250 297 2315 deos
320 2251 371 2316 vel
395 2250 564 2315 daemones
589 2251 743 2334 quosdam
766 2250 954 2338 consulas4).
991 2250 1060 2314 Iam
1078 2252 1261 2316 memineris
1281 2251 1533 2317 lucubationem.

221 2347 313 2413 Sicut
337 2350 369 2412 in
393 2350 524 2433 templis
552 2349 684 2414 deorum
712 2349 858 2414 homines
885 2350 1002 2414 ritibus
1031 2350 1152 2413 effectis
1178 2351 1219 2414 ad
1247 2350 1468 2414 dormiendum
1496 2374 1534 2415 se

219 2447 476 2532 prosternebant,
500 2451 536 2512 ut
559 2446 691 2531 aliquod
709 2448 870 2512 somnium
889 2448 1077 2532 acciperent,
1101 2448 1232 2511 eandem
1252 2448 1293 2511 ob
1312 2469 1440 2512 causam
1460 2470 1534 2512 cae-

220 2545 376 2609 rimoniae
399 2545 662 2628 praescribuntur
684 2546 839 2632 magicae:
862 2546 980 2610 mirum
1003 2549 1095 2629 esset,
1119 2546 1146 2609 si
1169 2546 1318 2610 deficeret
1345 2568 1535 2612 consensus.

309 2642 413 2706 Wess.
432 2643 524 2707 Neue
544 2643 597 2707 Gr.
617 2643 677 2707 ZP.
696 2644 749 2727 49,
764 2644 828 2707 862
844 2675 886 2696 =
901 2643 981 2707 Ken.
1003 2644 1075 2726 109,
1093 2642 1155 2706 795
1179 2643 1312 2726 praebet
1330 2644 1424 2707 nobis
1443 2643 1533 2710 ὀνει-

219 2742 375 2826 ραιτρτόν
408 2740 569 2824 quoddam
597 2740 801 2826 Pythagorae
829 2762 866 2804 ac
893 2741 1077 2805 Democrito
1108 2740 1347 2828 adscriptum5),
1379 2742 1465 2824 quod
1496 2744 1535 2807 in

222 2841 363 2901 mentem
386 2838 480 2902 nobis
503 2860 652 2903 revocare
675 2843 790 2923 potest,
814 2861 895 2923 quae
919 2861 1016 2922 supra
1035 2836 1079 2924 (p.
1101 2837 1157 2925 10)
1181 2839 1219 2902 de
1237 2838 1451 2924 Pythagoreis
1475 2841 1534 2903 ad-

220 2936 412 3019 notavimus,
436 2959 572 3020 quorum
595 2937 725 3001 vivendi
747 2938 829 3001 ratio
853 2959 926 3001 cum
949 2936 1164 3001 incubationis
1187 2937 1305 3000 ritibus
1328 2937 1534 3002 multimodis

220 3034 368 3097 concinit.
421 3032 570 3099 Alterum
600 3035 715 3098 Besam
745 3038 908 3098 auctorem
939 3033 1106 3121 indicatss),
1137 3058 1231 3119 quem
1265 3037 1399 3100 eundem
1431 3040 1534 3119 atque

220 3130 347 3194 Horum
370 3153 439 3195 esse
461 3130 699 3217 Aegyptiaoum
722 3132 911 3217 Kenyonius
934 3132 1113 3219 adnotes),
1137 3134 1248 3198 eodem
1275 3135 1309 3196 in
1332 3134 1534 3199 oneiraeteto

309 3355 334 3421 1)
354 3352 457 3407 Wess.:
472 3356 591 3422 θρυεινη
606 3356 731 3422 plateoe
745 3369 810 3421 pap.
829 3352 951 3423 θρυΐνης
968 3352 1081 3423 ψιάθου
1099 3353 1168 3407 Ken.
1183 3353 1302 3420 θρύῖνος
1322 3353 1383 3404 ‘aus
1402 3350 1536 3423 Binsen’,

220 3431 255 3486 de
274 3447 329 3501 quo
349 3450 401 3486 usu
419 3452 444 3488 v.
463 3433 607 3488 Dieterich
626 3433 729 3488 Abrax.
750 3434 842 3487 158A.

311 3515 338 3582 2)
357 3513 461 3568 Wess:
480 3513 637 3586 προκεφαλ)
652 3529 717 3582 pap.

308 3595 334 3662 3)
354 3592 400 3646 Sic
423 3594 492 3648 Ken.
516 3594 593 3647 nullo
612 3593 711 3647 addito
731 3593 823 3648 verbo.
861 3594 905 3648 W.
924 3593 1040 3662 legebat
1057 3593 1215 3663 προκεφαλ)
1218 3634 1295 3646 .....
1314 3611 1392 3661 υχιν,
1410 3589 1536 3660 πτυχίον

219 3672 350 3726 videlicet
373 3675 568 3744 corrigendum
591 3691 607 3728 e
630 3692 671 3727 vv.
692 3678 751 3728 740.
773 3673 885 3742 741Κ.,
912 3672 963 3726 ubi
981 3689 1031 3741 pro
1058 3669 1176 3743 πτυχλον
1198 3675 1322 3726 τεταλιον
1344 3670 1415 3739 legit
1438 3670 1533 3730 Wess.

219 3749 290 3814 (eos.
311 3757 382 3823 eor.)

307 3836 333 3902 4)
353 3831 545 3905 ὀνειραιτητόν
568 3835 643 3889 inter
669 3834 727 3888 alia
745 3836 898 3903 praecepta
922 3833 1034 3902 magica
1057 3835 1132 3904 (post
1157 3832 1359 3902 ὀνειροπομπά)
1384 3831 1535 3888 Dieterich

219 3914 322 3968 Abrax,
348 3917 491 3986 19³,1ya
529 3915 563 3969 cf.
590 3915 677 3969 Wess.
702 3914 747 3969 Gr.
772 3915 823 3970 ZP.
849 3921 895 3982 73,
914 3919 997 3969 2076:
1032 3913 1093 3984 ἄνει
1112 3912 1144 3968 δὲ
1162 3915 1211 3968 καλ
1229 3912 1371 3967 καταλίνει
1390 3913 1437 3965 καὶ
1457 3913 1535 3967 ὀνει-

219 4004 358 4063 ροπομπεῖ
381 3995 430 4049 καλ
456 3993 565 4065 κατέχει
592 3996 640 4050 καλ
666 3995 902 4064 ὀνειραιτητεῖ
930 3998 978 4065 (sc.
1010 3994 1024 4048 ὁ
1050 3993 1261 4063 νεκυοδαίμαν).
1303 3992 1393 4046 Wess.
1420 3991 1458 4046 ib.
1486 3999 1535 4061 81,

219 4081 375 4143 2441sqq.:
413 4075 496 4144 σκευὴ
526 4075 700 4144 ἐπιθύματος
727 4079 913 4145 σεληνιακοῦ.
937 4120 942 4130 .
964 4073 1142 4130 ,κατακλίνει
1175 4072 1310 4143 γενναίως
1342 4074 1390 4127 καὶ
1418 4071 1538 4140 ἀναιρεῖ
1560 4110 1564 4116 -

222 4156 347 4226 ἰσχυρῶς,
363 4155 564 4223 ὀνειροπομπεῖ
580 4152 736 4224 καλλίστας,
757 4155 993 4225 ὀνειραιτητεῖ
1010 4159 1180 4224 θαυμαστῶς
1198 4156 1253 4208 κτλ.
1273 4153 1311 4208 ib.
1323 4159 1366 4220 83,
1375 4157 1442 4205 2501
1455 4170 1536 4220 sqq:

219 4234 265 4289 ἐπὶ
284 4233 316 4289 δὲ
335 4234 576 4304 ὀνειραιτητοῦ
595 4232 666 4305 λέγε·
696 4234 895 4305 παραστάθητί
913 4256 960 4304 μοι
978 4233 1062 4304 κυρία
1081 4236 1129 4289 καλ
1147 4231 1317 4305 χρημάτισόν
1336 4252 1383 4302 μοι
1396 4232 1460 4299 περὶ
1480 4244 1535 4288 τοῦ

220 4302 287 4382 Alli,
306 4315 354 4368 καλ
372 4313 621 4382 παρασταθήσεταλ
643 4333 686 4369 σοι
705 4317 753 4370 καλ
771 4315 884 4370 ἅπαντα
903 4315 961 4384 ἐρεῖ
977 4316 1115 4384 ἀψευδεῖς.

311 4397 338 4464 ὃ)
358 4394 550 4464 ὀνειραιτητὸν
574 4394 749 4466 Πυθαγόρου
778 4397 858 4468 [null
879 4394 1069 4465 Δημοκρίτου;
1098 4396 1216 4467 genitivi
1238 4394 1383 4448 nominum
1406 4392 1446 4446 sic
1466 4410 1537 4447 con-

219 4475 354 4544 iungendi
383 4492 447 4528 cum
472 4477 652 4531 antecedenti
683 4477 724 4531 όν.
750 4492 842 4546 neque
872 4492 936 4529 vero
961 4493 1023 4530 cum
1047 4477 1176 4544 sequenti
1202 4474 1418 4543 ‘dvstqdpuvtsr'
1444 4476 1536 4542 (quod

221 4556 401 4624 corruptum?
420 4553 547 4626 [μάντιςῖ
565 4558 687 4629 Wess.]).

311 4638 337 4704 6)
357 4636 550 4708 ὀνειραιτηκὸν
569 4637 661 4705 Belcae
678 4638 767 4692 Wess.
788 4637 867 4690 Neue
886 4634 932 4691 Gr.
953 4637 1003 4690 ZP.
1024 4642 1067 4704 27,
1083 4642 1135 4690 230
1153 4663 1187 4682 =
1206 4637 1274 4688 Ken.
1295 4640 1338 4699 91,
1353 4640 1412 4687 222.

260 4768 278 4797 Ι
311 4720 336 4786 7)
356 4715 401 4770 Ad
420 4717 525 4772 locum:
556 4719 623 4788 ‘ch
642 4735 673 4770 or
693 4724 820 4788 Βηοα...
841 4716 884 4771 for
903 4717 950 4771 the
970 4718 1026 4788 god
1044 4717 1156 4771 Horus'.
