3294 5190
245 328 288 390 94
815 325 907 394 Caput
924 325 969 379 IV.

244 490 471 555 celeberrimus
499 490 541 552 sit
569 489 747 553 institutus.
792 487 923 552 Etenim
952 489 1146 553 monendum
1175 493 1225 552 est
1246 487 1370 552 cultum
1394 488 1490 552 illum
1515 489 1556 553 ab

245 589 378 654 ecclesia
401 585 652 672 Alexandrina1)
676 586 726 651 vel
750 587 859 670 potius
882 608 902 649 a
925 585 1048 670 Cyrillo
1071 587 1222 670 episcopo
1245 609 1284 650 ex
1307 586 1425 669 nihilo,
1448 592 1487 651 ut
1512 589 1557 652 ita

245 688 397 769 dicamus,
411 688 532 750 factum
548 708 625 749 esse.
662 684 712 748 Ex
732 685 781 765 iis,
800 706 881 767 quae
895 707 992 767 supra
1005 708 1036 768 p.
1047 684 1089 748 89
1097 706 1166 767 sqq.
1184 686 1290 749 fontes
1308 686 1409 749 secuti
1430 708 1557 749 enarra-

245 787 359 867 vimus,
382 786 444 848 hoc
466 785 595 867 quidem
618 784 697 847 satis
715 782 862 847 clarescit
884 783 917 846 in
935 784 1006 845 vico
1025 782 1189 846 Menuthis
1208 805 1370 868 paganum
1393 784 1556 866 quendam

245 883 407 947 exstitisse
436 882 574 962 cultum,
603 881 658 962 qni
687 880 838 944 ecclesiae
865 880 1056 944 christianae
1086 881 1226 944 maximo
1254 885 1323 945 erat
1350 881 1556 946 detrimento.

244 981 358 1063 Neque
381 981 466 1044 enim
485 979 591 1043 solum
611 1001 628 1042 e
646 978 777 1062 regione
796 977 860 1062 illa,
879 979 935 1041 ubi
953 982 1131 1061 martyrum
1149 1001 1217 1043 non
1238 979 1394 1043 haberent
1416 1001 1556 1061 sacrum,

245 1080 394 1143 abienmt
406 1077 574 1142 christiani
582 1074 618 1163 ²),
632 1075 688 1140 sed
702 1076 765 1159 ipsi
781 1097 907 1158 quoque
922 1097 978 1159 spe
996 1077 1196 1160 recipiendae
1214 1077 1361 1140 sanitatis
1379 1076 1513 1160 pellecti
1528 1078 1556 1141 si

244 1177 366 1242 morbis
390 1176 527 1259 correpti
546 1179 646 1256 erant,
665 1174 705 1237 ad
723 1195 923 1259 paganorum
941 1173 1099 1257 templum
1118 1197 1151 1239 se
1170 1173 1385 1239 conferebant
1428 1173 1490 1238 cui
1508 1175 1556 1239 rei

245 1298 315 1338 eam
334 1279 461 1338 tantum
486 1272 642 1337 medelam
666 1272 773 1335 afferri
796 1293 892 1355 posse
914 1271 1051 1354 denique
1074 1272 1235 1337 intellexit
1258 1271 1407 1356 cyrillus,
1430 1277 1469 1336 ut
1492 1295 1553 1356 pro

245 1374 305 1437 deo
319 1373 446 1436 ethnico
462 1372 573 1436 eodem
586 1371 659 1434 loco
674 1370 922 1433 christianorum
936 1370 1157 1434 institueretur
1170 1374 1348 1453 martyrum
1363 1369 1480 1452 cultus,
1495 1370 1553 1452 qui

245 1471 356 1534 itidem
388 1470 458 1534 Deo
491 1474 600 1534 tamen
629 1468 776 1531 adiutore
808 1468 1020 1550 omnipotenti
1053 1489 1164 1532 sanare
1194 1472 1327 1550 possent
1358 1465 1553 1554 aegrotos³).

244 1570 358 1651 ltaque
381 1590 463 1651 opus
486 1572 555 1631 erat
578 1566 702 1649 aliquos
726 1587 877 1647 quaerere
896 1564 1094 1652 martyres4).
1135 1564 1244 1648 Atque
1267 1565 1391 1630 invenit
1410 1564 1554 1650 cyrillus

246 1666 280 1729 in
303 1688 327 1729 s.
351 1664 567 1750 evangelistae
594 1663 695 1726 Marci
726 1684 816 1727 sacro
843 1661 1061 1728 Alexandrino
1089 1664 1225 1726 duorum
1254 1663 1458 1747 ‘martyrum'
1481 1662 1557 1726 reli·

246 1764 337 1844 quias
360 1784 463 1845 neque
486 1783 562 1825 vero
586 1762 671 1825 inter
693 1783 728 1824 se
751 1761 913 1842 discretas,
936 1761 983 1824 ita
999 1765 1037 1824 nt
1055 1761 1243 1825 coniunctae
1264 1765 1372 1825 essent
1389 1765 1556 1844 transpor-

244 1849 401 1946 tanda‘e5).
423 1860 581 1942 Martyres
596 1858 645 1922 illi
662 1857 757 1942 plane
775 1862 865 1922 erant
883 1859 1003 1944 ignoti:
1021 1880 1095 1922 cum
1113 1860 1245 1923 nomina
1263 1881 1374 1923 eorum
1392 1882 1413 1922 a
1431 1858 1555 1942 Cyrillo

246 1960 279 2023 in
303 1963 445 2023 extrema
468 1958 612 2022 oratione
635 1957 739 2041 pridie
762 1957 830 2020 eius
854 1957 926 2039 diei,
949 1979 1013 2039 quo
1036 1956 1142 2022 cultus
1165 1956 1365 2021 sollemniter
1382 1957 1555 2021 institutus

245 2062 307 2139 est,
336 2054 479 2143 habital)
506 2055 627 2139 populo
660 2055 862 2119 nuntiantur:
888 2060 1069 2120 καλοῦνται
1101 2052 1138 2120 δὲ
1170 2059 1283 2140 Κῦρος
1313 2054 1368 2120 καὶ
1396 2052 1555 2138 Ἰωάννης

245 2154 314 2242 (Sp.
333 2155 371 2218 R.
390 2153 437 2218 IV
456 2152 551 2240 250),
573 2158 643 2218 tum
667 2153 788 2234 omnia,
816 2175 896 2235 quae
919 2154 958 2218 de
981 2176 1091 2217 eorum
1115 2153 1183 2217 vita
1205 2157 1238 2216 et
1259 2153 1417 2237 martyrio
1441 2157 1556 2235 postea

245 2253 456 2316 tradebantur
485 2273 629 2333 quaeque
652 2252 781 2334 scriptis
807 2274 838 2334 p.
857 2251 943 2335 89,7
972 2274 991 2314 a
1019 2251 1115 2316 nobis
1142 2251 1336 2315 enumeratis
1363 2251 1492 2333 insunt,
1515 2249 1556 2313 ad

247 2373 347 2414 unum
366 2353 535 2415 recurrunt
551 2348 765 2412 clarissimum
783 2348 876 2412 illum
895 2350 1081 2433 episcopum
1098 2347 1394 2436 Alexandrinum').
1428 2347 1489 2412 cui
1508 2347 1556 2412 rei

247 2448 453 2512 declarandae
490 2447 656 2532 egregium
693 2447 815 2511 accedit
850 2448 1073 2511 testimonium
1105 2448 1140 2512 in
1178 2445 1353 2531 Sophronii
1388 2445 1556 2510 miraculis

245 2547 340 2611 nobis
373 2551 535 2611 servatum
573 2543 644 2631 (29,
665 2543 837 2632 3508sq.):
873 2545 1051 2609 Athanasia
1083 2544 1238 2627 quaedam
1270 2546 1317 2620 είς
1348 2547 1467 2628 Κῦρον
1499 2542 1555 2608 καὶ

247 2645 401 2726 Ιωάννην
423 2647 537 2707 πίστιν
560 2642 621 2707 οὐκ
651 2645 771 2726 ἔχουσα
801 2694 808 2708 .
832 2693 839 2707 .
863 2644 985 2720 αὐτοὺς
1011 2641 1178 2730 ίκωμςόόει
1202 2645 1404 2728 συχνότερον
1425 2640 1483 2706 ml
1506 2643 1551 2726 μὴ

210 2822 212 2827 ,
246 2738 330 2806 εἶναι
357 2740 527 2826 μάρτυρας
554 2744 666 2822 ἔλεγεν
692 2738 775 2825 μηδὲ
803 2744 859 2806 διὰ
886 2742 1033 2826 Χριστὸν
1059 2739 1242 2823 ἠθληκέναι
1269 2739 1290 2823 ἢ
1322 2747 1447 2806 παθεῖν
1475 2739 1555 2805 άπε-

246 2841 384 2922 φήνατο,
408 2837 426 2902 ὃ
450 2848 507 2922 τῆς
530 2836 666 2921 ἐσχάτης
688 2837 779 2902 ἐστὶν
801 2839 1007 2922 άθλιότητος.
1031 2845 1095 2903 είτε
1118 2835 1155 2902 δὲ
1181 2840 1290 2924 πλάνη
1318 2835 1386 2902 τινὶ
1413 2862 1555 2924 κρατου

246 2937 328 3022 μένη
350 2935 405 3001 καὶ
429 2938 600 3020 φάσμασιν
617 2934 823 3019 Ἑλληνικοῖς
845 2937 1073 3002 ὑποκλίνουσα
1096 2936 1183 3000 οὕτω
1207 2938 1286 3012 τοὺς
1303 2935 1420 3018 ἁγίους
1442 2934 1556 3000 διέσυ-

246 3061 319 3122 ρεν,
350 3042 414 3100 είτε
444 3031 482 3099 δὲ
514 3036 638 3120 φρενὸς
669 3032 723 3098 καὶ
755 3037 893 3120 καρδίας
919 3034 1077 3118 ἁπλότητι
1110 3034 1167 3098 διὰ
1198 3035 1237 3097 τὸ
1272 3035 1321 3118 μὴ
1357 3032 1555 3119 φέρεσθαι

245 3137 401 3220 γραφὴν
423 3135 491 3217 τὴν
513 3129 611 3218 ὑπὲρ
631 3138 804 3217 Χριστοῦ
827 3132 891 3197 καὶ
914 3135 984 3217 τὴν
1001 3135 1224 3218 μαρτυρίαν
1246 3132 1339 3216 ἡμῖν
1357 3131 1556 3215 ἀπαγγέλ-

246 3240 408 3317 λουσαν,
430 3234 555 3317 μόνην
578 3227 620 3295 δὲ
643 3234 759 3296 τοῦτο
782 3235 880 3314 βοᾶν
907 3241 976 3296 τοῦ
999 3234 1204 3316 Κυρίλλου
1231 3238 1300 3295 τοῦ
1322 3232 1440 3294 θείου
1463 3233 1556 3296 θεό-

245 3349 442 3396 πνευστον
475 3331 687 3412 σάλπιγγα,
719 3327 829 3411 λε’γειν
863 3330 904 3394 οὐ
939 3330 1098 3413 δύναμαι·
1132 3329 1220 3410 πλὴν
1252 3326 1408 3413 ἑκάτερον
1437 3325 1556 3412 ἀσεβὲς

245 3427 300 3492 καὶ
323 3429 524 3493 άπαίθευτον
542 3478 550 3491 .
569 3477 577 3490 .
596 3476 603 3490 .
627 3428 657 3491 ελ
675 3428 738 3512 γάρ
757 3429 881 3511 μόνους
899 3431 1057 3511 σχοίημεν
1074 3427 1253 3516 μάρτυρας,
1272 3424 1330 3502 οὓς
1349 3425 1386 3490 ἐν
1403 3425 1556 3510 ὑπομνή-

329 3661 366 3727 ,1)
385 3656 574 3711 Oeoonomum
592 3656 665 3710 sacri
684 3656 721 3709 ab
740 3655 871 3724 episcopo
890 3655 1081 3710 Alexandrino
1100 3655 1169 3725 eligi
1187 3673 1272 3725 supra
1290 3654 1446 3726 attigimus.

335 3742 362 3808 2)
380 3735 506 3807 άπίησαν
524 3737 577 3807 γὰρ
592 3737 643 3791 oon
658 3735 768 3806 ἔχοντες
781 3737 934 3804 μαρτύριον
949 3737 989 3799 είς
1002 3736 1113 3805 ἑτέρους
1126 3736 1206 3799 τινάς
1219 3734 1323 3800 τόπους
1336 3737 1382 3805 Sp.
1397 3736 1430 3790 B.
1445 3737 1487 3791 IV
1501 3742 1555 3791 249

246 3817 286 3886 (in
306 3817 403 3886 Cyrilli
422 3817 567 3886 oratione).

335 3901 362 3968 3)
380 3897 416 3951 τὰ
433 3895 502 3967 μέρη
517 3900 561 3966 (=
576 3896 665 3966 regio)
684 3905 772 3950 ταῦτα
791 3897 903 3968 ἔχρηζεν
921 3897 1024 3967 ἰατρῶν
1042 3895 1310 3966 θεραπευόντων
1328 3897 1386 3952 διὰ
1407 3899 1496 3952 Θεοῦ
1515 3897 1554 3952 ib.

335 3983 362 4048 4)
381 3977 431 4032 διὰ
449 3986 530 4031 τοῦτο
550 3975 710 4048 ἀναγκαίως
724 3977 891 4048 ἐζητήσαμεν
905 3977 992 4048 ἁγίων
1006 3979 1154 4048 μαρτύρων
1168 3975 1301 4047 λείψανα·
1318 3976 1436 4046 εὕρομεν
1454 3975 1556 4032 τοίνυν

245 4058 283 4112 ib.
304 4058 444 4113 Sermonis
462 4057 580 4112 libertas
598 4057 760 4113 laudabilis.

335 4142 362 4208 ι)
379 4138 417 4192 ib.
438 4143 498 4192 aso.

335 4222 362 4288 6)
381 4217 416 4271 cf.
431 4218 477 4287 Sp.
492 4218 525 4272 R.
539 4218 578 4273 IV
592 4224 643 4273 241
659 4246 693 4266 =
707 4220 744 4274 M.
760 4221 875 4274 asael:
895 4220 946 4290 τὴν
963 4228 1019 4275 τῶν
1042 4228 1219 4288 μαρτνρινῶν
1235 4217 1378 4288 λειψάνων
1401 4217 1558 4287 μετάθεσιν

246 4297 434 4368 ποιησάμενος
451 4299 500 4352 καὶ
517 4296 618 4368 λόγους
635 4301 751 4368 μικροὺς
768 4305 807 4373 τῷ
826 4298 991 4371 φιλογρίστῳ
1014 4303 1072 4372 λαῷ
1094 4296 1176 4363 οὗτος
1197 4298 1482 4370 προσφθεγξάμενος,
1505 4299 1559 4364 οὓς

246 4380 294 4433 καὶ
317 4377 529 4447 παραθήσομεν.
566 4379 667 4434 Deleas
686 4377 779 4449 οὗτος,
805 4398 890 4449 quam
912 4396 1010 4434 vocem
1033 4380 1233 4450 interpolatam
1256 4397 1317 4435 esse
1340 4380 1398 4434 iam
1420 4381 1560 4451 neglecta

245 4458 354 4512 indicat
373 4459 499 4514 clausula
518 4459 702 4529 didaetylica:
722 4461 756 4514 cf.
776 4460 941 4529 μετάθεσιν
958 4461 1204 4531 ποιησάμενος,
1222 4464 1285 4534 λαῷ
1307 4461 1558 4532 προσφθεγξά·

246 4558 359 4608 μενος,
383 4542 439 4595 καλ
458 4539 718 4610 παραθήσομεν.

336 4635 361 4701 7)
381 4631 414 4685 cf.
434 4631 485 4685 ib.:
505 4631 555 4685 διὰ
573 4639 622 4684 τοῦ
642 4629 704 4692 ἑνὸς
722 4628 897 4698 ἀμφοτέρους
920 4630 1058 4701 ὀνόματος
1074 4632 1140 4694 rote
1158 4631 1210 4686 δύο
1229 4631 1372 4700 μάρτυρας
1390 4629 1523 4700 σημάνας
1543 4633 1560 4689 ὁ

246 4709 368 4782 ἄγγελος,
386 4713 428 4774 ὡς
446 4712 480 4766 ἐν
498 4721 563 4767 τῶν
581 4708 750 4778 Κυρίλλον
768 4718 826 4764 τοῦ
844 4710 1014 4780 μακαρίου
1032 4710 1264 4784 δειχθήσεται.
