3294 5190
174 322 217 384 66
732 317 824 385 Caput
843 317 887 370 [V.

173 495 243 559 τοῖς
277 484 402 569 ἰατροῖς
429 481 511 545 κατὰ
539 483 641 562 λόγον
668 489 726 562 τῆς
753 478 868 564 τέχνης
896 480 1049 544 ἐναντίον
1077 478 1182 543 ἐδόκει
1211 482 1385 562 παθήμασι
1412 485 1483 544 κτλ.

96 572 100 578 ’
176 580 264 656 Quae
283 578 513 643 commentario
532 598 598 640 non
618 581 722 661 egent.
759 576 831 640 Hoc
849 580 984 660 tantum,
1004 577 1090 661 quod
1110 576 1149 638 ad
1163 577 1339 640 remedium
1354 577 1483 662 attinet,

177 678 275 742 velim
299 678 465 741 adnotare:
489 674 552 739 mel
576 680 607 738 et
630 675 741 738 vinum
765 676 862 738 etiam
886 676 920 739 in
943 674 1206 758 inscriptionibus
1225 673 1407 738 Maffeianis
1433 696 1484 739 oc-

174 798 310 860 currere,
334 775 372 838 de
396 773 513 858 quibus
536 796 565 837 v.
585 797 615 855 p.
634 772 756 855 Adsqq.
798 772 896 855 Piper
912 771 1061 837 Italicum
1080 772 1276 856 praecipitur
1298 772 1338 835 ab
1363 770 1482 836 Aescu·

174 875 260 957 lapio
297 874 330 936 in
363 871 571 954 inscriptione
608 869 749 933 Lebenia
781 893 799 932 a
831 870 1016 934 Baunackio
1053 870 1175 953 publici
1213 870 1291 933 iuris
1328 870 1413 933 facta
1448 871 1482 934 in

173 971 290 1034 Philol.
313 970 397 1034 1889
420 992 451 1052 p.
470 968 536 1031 402
555 991 584 1031 v.
606 967 655 1031 10.
679 965 795 1053 πέπερι
820 969 938 1032 λευκόν
959 968 992 1032 in
1010 968 1152 1053 magicis,
1176 991 1204 1032 v.
1223 967 1327 1032 Wess.
1346 965 1398 1031 Gr.
1418 967 1480 1032 ZP.

172 1091 202 1151 p.
231 1067 288 1150 53,
314 1067 470 1150 1309sq.3
500 1065 539 1129 cf.
566 1065 606 1129 id.
632 1064 673 1129 N.
698 1062 749 1128 Gr.
775 1063 835 1128 ZP.
862 1064 918 1148 25,
951 1065 1022 1129 184.
1051 1066 1114 1129 185
1138 1097 1180 1118 =
1204 1065 1341 1149 Kenyon
1374 1064 1481 1129 Greek

172 1166 291 1249 Papyri
311 1164 363 1247 90,
385 1164 455 1228 184.
479 1162 549 1226 185.
595 1161 752 1226 Necnon
771 1162 968 1227 medicorum
988 1164 1179 1227 sententiam
1203 1164 1300 1227 velim
1324 1163 1480 1227 attendas.

261 1262 440 1327 Probianus
465 1260 607 1325 medicus
631 1261 767 1344 pedibus
791 1260 940 1325 laborans
965 1262 999 1324 in
1021 1260 1192 1325 Michaelio
1223 1263 1352 1324 sanatus
1382 1260 1481 1324 simul

170 1362 293 1424 visione
317 1361 425 1424 divina
449 1359 487 1423 de
517 1358 638 1423 Christi
668 1360 770 1422 crucis
794 1360 825 1421 vi
858 1363 905 1423 est
934 1359 1077 1442 edoctuS,
1104 1382 1133 1422 v.
1158 1357 1282 1422 Sozom.
1308 1381 1338 1441 p.
1359 1357 1480 1423 9413:

168 1460 246 1619 ιέερρι
264 1469 512 1618 προοφανελσα
532 1459 621 1534 ὄψις
645 1455 749 1534 ἔδειξέ
769 1481 800 1521 τι
825 1465 972 1542 σταυροῦ
996 1457 1167 1539 σύμβολον
1188 1462 1255 1521 κτλ.
1280 1456 1318 1519 cf.
1342 1455 1479 1539 Niceph.

195 1580 213 1619 a
241 1556 281 1620 .l.
297 1578 320 1620 s,
363 1608 369 1619 .

258 1654 369 1717 Tradit
392 1652 503 1716 fabula
526 1673 652 1716 sacrum
671 1651 751 1715 illud
770 1675 789 1716 a
811 1651 1023 1716 Constantino
1044 1650 1235 1715 adornatum
1254 1673 1291 1715 ac
1309 1651 1479 1715 Michaelis

167 1753 298 1817 nomine
322 1752 518 1835 appellatum
542 1773 619 1834 esse,
644 1752 719 1833 quia
742 1773 780 1814 eo
811 1750 881 1814 loco
914 1772 970 1833 per
999 1771 1146 1814 somnum
1175 1749 1362 1832 imperatori
1389 1749 1479 1813 visus

170 1855 254 1915 esset
284 1851 351 1934 ipse
380 1849 604 1934 archangelus,
632 1870 704 1912 cum
733 1848 788 1911 ille
821 1851 961 1912 statuam
990 1849 1091 1931 ipsius
1120 1848 1371 1932 contemplatus,
1400 1848 1480 1931 quid

168 1948 288 2012 valeret
315 1948 456 2030 nescius,
480 1970 538 2029 per
566 1946 805 2010 incubationem
833 1946 980 2009 videlicet
1012 1968 1080 2009 rem
1109 1947 1286 2029 comperire
1312 1944 1479 2009 voluisset.

168 2069 196 2110 v.
220 2045 332 2110 Ioann.
355 2044 461 2108 Malal.
491 2045 566 2129 Ap.
592 2045 678 2129 79‚4
706 2045 753 2108 ed.
782 2044 898 2108 Bonn.:
930 2041 985 2108 καὶ
1018 2042 1189 2126 ἐκπλαγεὶς
1223 2042 1275 2108 ἐπὶ
1308 2052 1353 2131 τῷ
1386 2045 1478 2131 τόπῳ

173 2142 228 2209 καὶ
252 2152 297 2232 τῷ
321 2147 471 2227 κτίσματι
494 2140 549 2207 καὶ
572 2141 749 2225 εὐξάμενος
772 2153 895 2225 γνῶναι
922 2144 1018 2217 ποίας
1042 2139 1110 2205 ἐστὶ
1139 2139 1311 2224 δυνάμεως
1333 2140 1479 2224 ἀγγέλου

171 2243 208 2306 τὸ
233 2241 407 2325 ἐκτόποιμα
435 2243 710 2325 παρεκοιμήθη
733 2249 779 2327 τῷ
802 2242 902 2326 τόπῳ.
930 2237 984 2304 καὶ
1009 2238 1154 2315 ἀκούσας
1182 2238 1219 2303 ἐν
1246 2238 1415 2325 ὁράματι
1440 2240 1477 2303 τὸ

169 2341 273 2423 ὄνομα
297 2349 355 2423 τῆς
384 2338 556 2422 δυνάμεως
585 2388 591 2402 .
621 2390 627 2402 .
656 2387 663 2403 .
692 2338 883 2421 ἐπωνόμασε
911 2339 948 2403 τὸ
976 2337 1151 2422 εὐκτήριον
1179 2389 1185 2400 .
1214 2387 1221 2400 .
1250 2386 1257 2399 .
1287 2346 1348 2400 τοῦ
1378 2335 1478 2418 ἁγίου

171 2435 379 2523 ἀρχαγγέλου
402 2440 547 2520 Μιχαήλ.
571 2436 609 2500 cf.
633 2434 703 2500 Nic.
723 2434 801 2500 Call.
821 2435 840 2499 l.
860 2458 883 2499 s.
906 2433 948 2498 A:
973 2433 1042 2499 ἐπεὶ
1066 2431 1102 2499 dl
1132 2432 1187 2498 καὶ
1210 2433 1337 2498 ὕπνου
1368 2433 1478 2498 ἐκάλει

167 2538 291 2621 καιρός,
317 2534 504 2600 ἐπιστᾶσα
533 2535 622 2611 ὄψις
650 2536 707 2610 εἰς
736 2532 949 2619 ἐμφέρειαν
972 2543 1041 2597 τοῦ
1067 2531 1288 2616 ιἰγοὶλματος
1312 2529 1366 2618 (cf.
1382 2555 1412 2615 p.
1431 2529 1477 2618 9)·

68 2689 70 2693 .
170 2631 233 2714 ἐγώ
259 2634 336 2715 εἰμι,
361 2635 484 2714 ἔλεγεν,
508 2629 629 2696 οὑτωσὶ
654 2629 689 2718 (l.
709 2623 838 2717 οὑτοσὶ)
862 2631 998 2714 Μιχαὴλ
1021 2636 1089 2695 κτλ.

256 2730 305 2793 De
338 2728 510 2794 Sosthenio
544 2730 665 2812 optime
703 2731 770 2815 egit
807 2727 958 2792 Alfredus
991 2727 1105 2811 Maury
1138 2729 1172 2792 in
1204 2728 1280 2791 Rev.
1313 2729 1397 2791 arch.
1428 2727 1476 2792 VI

168 2824 285 2913 (1849)
313 2850 343 2910 p.
366 2827 429 2889 144
439 2849 520 2911 sqq.;
548 2827 702 2890 accedunt
731 2849 811 2910 quae
840 2826 924 2891 idem
954 2827 1004 2889 vir
1031 2826 1143 2890 doctus
1172 2826 1211 2889 de
1238 2849 1273 2889 re
1302 2825 1413 2889 eadem
1443 2827 1478 2890 in

166 2928 257 2988 tomo
282 2925 429 3008 sequenti
452 2922 515 2988 VII
535 2923 652 3010 (1850)
672 2947 702 3008 p.
717 2923 871 2987 257-59
896 2924 1026 2987 addidit.
1065 2923 1266 3007 Quamquam
1286 2924 1320 2987 in
1338 2923 1478 3009 singulis
1555 2913 1570 2933 ⁹

165 3044 231 3086 non
259 3023 388 3105 desunt,
417 3045 498 3105 quae
525 3022 659 3106 refutes,
692 3026 812 3105 tamen,
846 3021 931 3104 quod
964 3021 1154 3106 maximum,
1181 3020 1332 3104 probavit
1359 3021 1477 3106 Maury

165 3119 331 3185 Michaelis
355 3120 539 3206 archangeli
563 3120 685 3183 austum
708 3120 825 3184 veteris
850 3118 1043 3184 Graecorum
1072 3119 1123 3183 dei
1151 3120 1267 3183 medici
1296 3120 1476 3183 veneratio-

165 3240 239 3282 nem
262 3218 389 3282 referre.

255 3315 368 3380 Statua
401 3316 457 3380 illa
485 3340 503 3380 a
531 3315 743 3382 Constantino
776 3317 810 3380 in
843 3315 1015 3380 Sosthenio
1043 3319 1214 3399 conspecta
1249 3337 1322 3379 cum
1349 3315 1474 3399 templo

165 3415 235 3497 ipsc
266 3414 306 3477 ab
337 3413 535 3500 Argonautis
565 3416 600 3478 in
629 3415 696 3479 eius
725 3415 771 3477 rei
800 3414 990 3477 memoriam
1019 3413 1148 3477 condita
1176 3436 1245 3477 esse
1277 3413 1475 3498 tradebatur,

166 3512 251 3594 quod
283 3534 401 3598 magno
435 3514 469 3575 in
500 3512 643 3595 periculo
676 3513 799 3577 visione
833 3513 963 3577 caelesti
1000 3513 1040 3575 ad
1071 3512 1281 3597 pugnandum
1315 3512 1475 3576 admoniti

164 3607 324 3693 Amycum
347 3631 457 3695 regem
479 3609 667 3698 vicissent.¹)
711 3609 968 3674 Consentaneum
984 3614 1036 3673 est
1061 3611 1163 3693 ipsam
1188 3613 1328 3673 statuam
1362 3632 1476 3674 ansam

165 3707 348 3772 exhibuisse
371 3707 498 3771 fabulae
522 3708 732 3794 aetiologicae
751 3709 790 3772 de
809 3706 1007 3794 Argonautis
1027 3708 1265 3791 componendae
1285 3704 1337 3793 (cf.
1357 3707 1475 3792 Maury

55 3836 58 3843 ·
163 3827 193 3887 p.
216 3803 302 3891 150).
353 3803 462 3888 Atque
499 3806 704 3891 sagacissime
736 3807 871 3870 coniecit
905 3806 1020 3890 Maury
1048 3805 1196 3868 habitum
1225 3807 1362 3888 statuae,
1391 3827 1475 3888 quae

164 3903 294 3985 quidem
328 3903 501 3967 secundum
534 3902 685 3966 Malalam
718 3904 868 3990 angelum
906 3905 1057 3988 praebuit
1091 3903 1240 3967 monachi
1275 3907 1397 3967 vestem
1427 3906 1475 3969 in-

165 3998 321 4086 dutum2),
344 4001 481 4064 fortasse
505 4000 544 4063 ad
568 4001 663 4064 deum
686 4003 845 4066 medicum
869 4002 959 4066 velut
983 3990 1215 4084 Telesphorum
1240 4024 1308 4066 esse
1335 4002 1473 4066 referen-

164 4097 249 4180 dum,
273 4099 363 4161 cuius
388 4097 511 4182 effigies
535 4119 609 4162 cum
632 4099 781 4164 monachi
810 4101 977 4165 christiani
1006 4099 1121 4163 habitu
1148 4100 1294 4182 profecto
1321 4101 1474 4165 nonnihil

163 4192 350 4280 concinit³);
380 4196 501 4259 accedit
530 4219 648 4261 nomen
679 4196 899 4281 Sosthenium,
931 4197 1016 4280 quod
1049 4197 1143 4260 deum
1176 4206 1308 4284 σωτῆρα
1341 4197 1472 4262 indicat.

253 4373 278 4438 1)
298 4388 321 4424 v.
342 4369 456 4425 Cedren.
476 4371 540 4427 hist.
561 4372 705 4442 compend.
726 4372 822 4441 Migne
841 4374 860 4425 t.
880 4377 927 4423 121
948 4389 974 4439 p.
991 4376 1043 4423 244
1056 4371 1087 4424 B.
1107 4371 1203 4425 Malal.
1218 4371 1236 4425 l.
1253 4389 1273 4428 s.
1288 4391 1316 4442 p.
1334 4377 1374 4425 78.

251 4453 278 4519 2)
296 4449 375 4504 Idem
396 4468 499 4505 numen
521 4452 551 4505 in
574 4452 646 4506 cista
672 4450 857 4506 Ficoroniana
881 4450 1043 4520 recognovit
1066 4450 1200 4506 Panofka
1226 4451 1419 4522 Sitzungsber.
1441 4453 1467 4509 d.

162 4529 233 4582 Berl.
254 4529 344 4584 Akad.
362 4536 427 4584 1851
444 4531 591 4600 phil-hist.
606 4532 649 4586 Kl.
665 4551 691 4601 p.
708 4537 759 4584 116
771 4548 830 4598 sqq.

251 4613 277 4679 3)
296 4610 585 4682 ,βούλοιτοσαυππε
608 4611 676 4665 ιλίαι
699 4617 815 4666 costuma
837 4610 870 4665 de
892 4613 994 4680 molae,
1017 4613 1088 4669 duas
1111 4613 1226 4683 laquelle
1246 4613 1410 4668 Constantia
1428 4631 1469 4668 ντ-

162 4698 264 4745 οοκιικλ
290 4709 330 4745 κα
358 4710 427 4762 cape
455 4737 459 4746 .
486 4738 490 4746 .
519 4733 540 4758 .,
568 4693 635 4746 attuit
661 4692 797 4760 μανι-ἑστι
823 4693 935 4762 quelque
962 4695 1079 4749 divinite
1103 4694 1232 4748 nce'dicalc
1258 4710 1294 4748 ον
1321 4694 1470 4763 audirique,
