3294 5190
210 337 253 400 84
788 333 880 402 Caput
898 332 944 388 IV.

213 499 246 563 ολ
268 498 431 582 μάρτυρες
462 548 468 561 .
501 549 507 561 .
539 549 545 560 .
576 498 657 582 μετὰ
684 497 790 579 πάσης
818 495 1042 578 ἀπελογοῦντο
1073 457 1292 580 πραότητος
1321 494 1523 579 4235850.

208 596 484 678 μειδιάσαντες
524 594 576 679 46,
598 592 734 657 35974.
778 595 876 670 δότας
908 594 1069 678 ἱλαροὺς
1098 596 1177 670 τοὺς
1207 591 1323 675 ἁγίους
1349 595 1524 677 θεώμενος

89 718 93 724 -
213 690 427 777 roseum.

307 787 454 855 Offerunt
478 812 511 854 se
535 794 691 873 martyres
714 789 780 852 fere
803 787 1034 853 monachorum
1057 787 1184 872 habitu,
1207 811 1236 852 v.
1257 788 1308 872 10,
1322 788 1409 852 3449
1419 787 1457 853 Β.
1482 788 1522 853 cf.

211 886 261 970 13,
276 885 412 971 34646,
441 885 649 971 3835651),
686 886 738 970 52,
753 886 894 971 36171);
929 886 979 972 70,
994 883 1130 950 366911.
1181 885 1303 950 Tamen
1334 909 1415 969 quae
1448 886 1521 950 mir.

212 984 261 1068 14,
278 982 408 1048 34684
435 984 602 1071 leguntur:
630 989 787 1068 martyres
817 984 1003 1068 apparuisse
1030 995 1101 1059 ταῖς
1129 984 1265 1060 οἰκείαις
1292 994 1437 1069 μορφαῖς
1464 981 1522 1048 καὶ

206 1081 247 1145 οὐ
275 1080 383 1159 ξέναις
405 1084 616 1168 χρησάμενοι,
639 1103 881 1165 nonnumquam
906 1103 959 1145 eos
989 1081 1047 1146 sub
1072 1081 1176 1165 specie
1204 1081 1307 1145 aliena
1337 1081 1423 1146 visos
1452 1103 1523 1146 esre

210 1178 439 1244 demonstrant.
477 1179 590 1264 Itaque
613 1181 762 1245 videntur
785 1179 822 1245 έν
845 1183 983 1264 σχήματι
1011 1179 1249 1265 Χριστοδώρου
1272 1187 1332 1243 τοῦ
1350 1180 1412 1262 τὴν
1435 1180 1522 1244 διοί-

211 1294 310 1360 κησιν
333 1279 466 1361 ἔχοντος
489 1279 541 1362 32,
556 1278 643 1343 3528
655 1278 687 1342 O.
712 1280 875 1362 σχήμασιν
900 1279 1022 1363 ἰατρῶν
1046 1277 1097 1362 33,
1112 1276 1199 1341 3533
1209 1275 1248 1340 Ι).
1275 1275 1311 1342 ἐν
1329 1274 1520 1343 Ἰουλιανοῦ

211 1383 272 1438 τοῦ
297 1375 456 1441 διακόνου
478 1376 543 1462 θέηι
565 1375 620 1441 καλ
644 1378 783 1461 σχήματι
807 1374 859 1458 36,
874 1374 960 1439 3553
971 1373 1010 1438 Α.
1034 1374 1073 1438 cf.
1092 1375 1134 1438 ib.
1154 1373 1240 1437 3557
1251 1374 1287 1438 B.
1315 1373 1352 1440 ἐν
1374 1379 1520 1460 πρεσβυ-

205 1471 310 1557 τέρων
330 1524 336 1536 .
357 1525 363 1536 ,
384 1525 390 1537 .
409 1484 555 1560 μορφαῖς
577 1497 611 1537 τε
634 1471 689 1538 καὶ
713 1475 876 1558 σχήμασιν
901 1473 952 1555 37,
967 1470 1099 1536 35616.
1124 1471 1160 1537 ἐν
1183 1473 1343 1557 ἀρχουτος
1367 1473 1519 1537 εῖδει...

206 1579 266 1634 τοῦ
289 1571 350 1653 τήν
370 1574 493 1635 Νικίου
517 1573 616 1636 πόλιν
635 1568 731 1657 (quae
750 1574 818 1634 erat
836 1570 941 1654 patria
959 1567 1096 1656 aegroti)
1117 1570 1296 1646 ίθύυοντος
1314 1569 1367 1652 38,
1381 1568 1469 1633 3569
1477 1569 1517 1635 Α.

206 1671 319 1753 Κῦρος
347 1668 365 1732 ὁ
394 1668 521 1754 μάρτυς
549 1667 728 1752 ἐτύγχανεν
756 1668 774 1734 δ
803 1677 863 1732 τοῦ
891 1669 1014 1753 πατρὸς
1042 1665 1099 1754 (sc.
1118 1665 1263 1755 Ioannis)
1293 1669 1354 1750 τὴν
1381 1669 1518 1753 μορφήν

208 1817 214 1828 .
239 1817 245 1829 .
271 1817 277 1829 .
301 1765 501 1849 ἀνελόμενος
525 1817 531 1831 .
556 1816 562 1830 .
588 1763 771 1850 ,Ἰωάννης
800 1762 838 1830 δέ
862 1817 868 1829 .
894 1817 900 1830 .
929 1817 935 1830 .
963 1767 1022 1830 τὸν
1046 1763 1263 1850 Ἀλεξανδρέα
1295 1763 1427 1850 Πέτρον
1456 1767 1517 1831 τὸν

209 1873 276 1928 τῶν
299 1866 511 1949 πραιτωρίων
529 1865 688 1943 είκόνιζεν
707 1867 852 1950 ἔπαρχον
872 1863 923 1949 70,
938 1862 1025 1927 3668
1036 1861 1069 1928 (λ.
1112 1861 1320 1927 Christodoro
1339 1884 1516 1927 oeconomo

206 1982 271 2023 una
295 1983 367 2024 cum
391 1962 510 2026 sanctis
538 1963 704 2048 anargyris
733 1966 865 2046 apparet
895 1961 1082 2024 Theodorus
1112 1964 1246 2044 martyr:
1274 1958 1351 2024 καθ’
1385 1960 1517 2037 ὕπνους

147 2136 150 2142 ¹
208 2058 297 2145 αὐτῷ
323 2062 619 2144 παραγίνεται...
644 2059 727 2126 ἀλλὰ
750 2069 853 2124 ταῦτα
875 2057 937 2145 μὲν
959 2057 1037 2124 καθ’
1064 2059 1193 2135 ὕπνους
1216 2058 1402 2144 ἐπράττετο,
1425 2058 1517 2145 ὕπαρ

206 2151 243 2218 δὲ
265 2161 332 2221 κτλ.
362 2156 391 2239 8,
406 2157 490 2220 3441
503 2156 582 2222 Ab.
627 2156 807 2222 Diaconum
832 2159 990 2240 quendam
1013 2157 1101 2221 videt
1123 2179 1181 2240 pcr
1203 2179 1352 2221 somnum
1375 2154 1515 2222 Ioannes

69 2310 72 2316 .
203 2252 417 2317 subdiaconus
441 2254 493 2340 37,
508 2254 644 2320 3564Ι).

290 2350 452 2437 Aegrotas
463 2353 656 2437 compluries
674 2354 863 2418 admonetur
879 2376 898 2417 a
916 2353 1121 2437 martyribus,
1132 2373 1204 2417 cum
1214 2353 1339 2417 somnio
1354 2374 1413 2436 pro
1428 2377 1515 2437 φαυ-

204 2454 300 2536 τασίηι
327 2449 439 2515 habito
467 2472 534 2515 non
562 2456 728 2517 exsecutus
757 2455 805 2516 est
829 2475 939 2516 eorum
962 2455 1143 2536 praecepta:
1172 2450 1358 2515 Theodorus
1382 2450 1514 2534 quidam

202 2557 247 2635 τῷ
271 2549 400 2614 τούτων
423 2557 512 2636 σηκῷ
535 2553 764 2616 κατακλίνεται
789 2602 795 2614 .
820 2602 826 2614 .
851 2602 857 2614 .
882 2552 915 2615 ολ
938 2546 974 2614 δὲ
999 2602 1005 2614 .
1030 2601 1037 2614 .
1061 2601 1068 2614 .
1096 2546 1290 2636 κοιμωμένῳ
1323 2601 1330 2613 .
1355 2600 1361 2613 .
1386 2600 1392 2612 .
1416 2552 1515 2636 παρί-

204 2664 339 2712 στανται
362 2645 416 2712 καλ
441 2645 601 2730 φανέντες
624 2648 749 2713 ἀσπίδα
773 2659 894 2732 φαγεῖν
916 2647 1151 2734 ἐπιτρέπουσιν
1175 2698 1182 2711 .
1206 2699 1213 2712 .
1238 2697 1244 2711 .
1268 2647 1286 2712 ὁ
1310 2643 1348 2711 δὲ
1371 2698 1378 2711 .
1398 2696 1405 2711 .
1426 2698 1432 2711 .
1453 2667 1514 2712 πο-

202 2746 309 2830 νηρὰν
333 2739 419 2809 εἶναι
439 2748 664 2828 φαντασίαν
687 2749 826 2830 νομίσας
844 2747 881 2811 τὸ
901 2745 1007 2831 ὕραμα
1027 2756 1095 2809 τῶν
1113 2743 1301 2828 λεχθέντων
1322 2742 1422 2810 οὐδὲν
1445 2746 1515 2810 διε-

201 2842 353 2927 πράξατο.
388 2843 567 2908 ίκετεύοντι
594 2840 632 2908 δὲ
659 2841 714 2908 καὶ
741 2846 890 2909 κλαίοντι
920 2843 1041 2908 πάλιν
1069 2840 1106 2907 ἐν
1136 2841 1255 2918 ὕπνοις
1284 2841 1449 2927 ὀφθέντες
1478 2845 1517 2908 ot*

202 2940 292 3022 ὕγιοι
321 2941 361 3004 τὰ
396 2940 480 3005 αύτὰ
515 2952 624 3007 ποιεῖν
660 2940 850 3020 διετάξαντο
875 2993 881 3005 .
906 2993 912 3005 .
937 2991 943 3005 .
967 2940 1012 3016 ὡς
1039 2936 1076 3004 δὲ
1104 2936 1158 3003 καλ
1187 2942 1323 3024 τρίτον
1350 2939 1513 3025 φανέντες

201 3038 242 3123 ολΙ
255 3039 419 3124 μάρτυρες
441 3041 503 3123 τὴν
535 3037 661 3105 ἑαυτῶν
689 3049 798 3105 ποιεῖν
828 3039 890 3104 οὐκ
919 3041 1055 3104 ἐπεισαν
1084 3035 1237 3102 κέλευσιν
1261 3088 1267 3103 .
1292 3089 1298 3103 .
1323 3038 1513 3116 ,ἐλθόντες

199 3136 236 3199 τὸ
260 3133 458 3222 τέταρτον
483 3189 489 3201 .
514 3188 520 3200 .
545 3189 552 3201 .
576 3135 658 3223 φασὶ
681 3142 749 3202 κτλ.
773 3136 825 3222 27,
841 3135 977 3202 35004.
1001 3136 1040 3200 cf.
1060 3133 1112 3212 δλς
1136 3132 1173 3200 δὲ
1195 3144 1294 3201 τοῦτο
1323 3146 1433 3202 ποιεῖν
1458 3160 1513 3202 κε-

201 3232 357 3310 λευσθεὶς
389 3233 436 3298 δι’
472 3234 635 3321 δράματος
658 3235 698 3299 οὐ
722 3238 909 3318 πεποίηκεν.
942 3237 979 3300 τὸ
1016 3237 1130 3319 τρίτον
1160 3230 1197 3298 δέ
1229 3244 1297 3299 τῶν
1328 3234 1510 3321 μαρτύρων

199 3332 362 3395 εἰπόντων
385 3336 451 3396 κτλ.
478 3332 528 3415 18,
543 3329 679 3395 34774.
703 3333 747 3407 ὡς
770 3329 807 3397 δὲ
835 3330 890 3396 καλ
921 3329 972 3407 δὶς
1000 3329 1054 3395 καλ
1083 3328 1155 3417 τρλς
1185 3340 1284 3396 τοῦτο
1314 3332 1399 3417 δριῖν
1426 3334 1509 3408 τοὺς

198 3426 315 3510 ἁγίους
329 3429 380 3492 ίδε
399 3429 594 3506 κελεύοντας
613 3430 665 3513 28,
680 3428 767 3493 3505
777 3427 849 3512 Βήῦ.
867 3429 1093 3514 παραστάντες
1106 3429 1195 3516 αὐτῷ
1211 3429 1369 3505 πολλάκις
1383 3429 1507 3494 καθεύ-

198 3526 294 3589 δοντι
318 3524 370 3608 36,
385 3524 472 3588 3549
484 3523 517 3589 (λ.
541 3526 735 3592 δεικνύουσι
759 3525 803 3592 δι’
830 3526 993 3612 δράματος
1015 3525 1070 3592 καὶ
1093 3524 1254 3613 φανέντες
1273 3578 1279 3591 .
1299 3578 1306 3591 .
1326 3577 1333 3591 .
1352 3525 1508 3592 ἐκέλευον

201 3673 207 3685 .
233 3673 239 3686 .
264 3673 271 3687 .
294 3624 396 3688 πάλιν
419 3623 507 3710 αὐτῷ
531 3626 613 3688 κατὰ
636 3627 714 3702 τοὺς
736 3625 864 3701 ὕπνους
888 3624 1059 3710 ἐφάνησαν
1081 3625 1134 3708 38,
1149 3624 1235 3688 3569
1246 3623 1328 3689 Α.Β.

288 3718 422 3805 Saepius
438 3721 635 3804 aliquamdiu
653 3722 870 3808 negleguntur
887 3721 1061 3807 supplices:
1081 3723 1142 3788 οὐκ
1160 3723 1277 3806 ὀλίγου
1296 3719 1333 3787 δὲ
1347 3743 1510 3809 παρεκτα-

198 3816 319 3894 θέντος
356 3829 514 3904 χρονικοῦ
552 3821 770 3904 διαστήματος
805 3817 910 3905 μηδὲν
939 3820 1062 3904 ὀνήσας
1093 3821 1267 3906 ήθύμησεν
1301 3820 1352 3904 13,
1371 3820 1460 3886 3464
1469 3820 1509 3887 Β.

198 3915 355 3981 ἐνιαυτοῦ
380 3913 416 3980 δὲ
440 3915 514 3992 ἑνὸς
537 3918 795 3994 διιππεύσαντος
817 3927 875 4001 τής
902 3928 969 3984 τῶν
996 3918 1102 4002 ἁγίων
1133 3918 1263 4005 άρωγής
1290 3916 1423 4001 ήξιοῦτο
1451 3918 1509 3983 καὶ

197 4015 330 4099 χάριτος
353 4014 405 4097 37,
420 4013 505 4077 3561
519 4013 552 4079 O.
575 4026 708 4101 πρῶτον
730 4014 792 4101 μὲν
814 4018 878 4105 γὰρ
902 4014 955 4082 ἐπὶ
978 4026 1083 4101 μήνας
1101 4015 1261 4103 τέσσαρας
1285 4016 1428 4082 ἐλθόντα
1446 4017 1509 4082 τὸν

197 4110 375 4195 Στέφανον
395 4112 635 4178 ἀνεπίσκεπτον
654 4121 767 4180 εἴασαν
786 4115 839 4199 38,
854 4113 941 4178 3565
953 4114 985 4179 C.
1013 4115 1189 4200 Eugenius,
1205 4115 1259 4197 qui
1273 4137 1331 4199 per
1343 4114 1506 4178 somnium

196 4215 325 4274 curatur
348 4233 367 4273 a
389 4211 593 4295 martyribus,
616 4217 682 4277 tres
705 4213 855 4278 mulieres
878 4213 966 4277 videt
989 4212 1028 4276 ab
1054 4234 1164 4277 eorum
1187 4217 1279 4299 tergo
1303 4213 1508 4278 conclaman-

195 4312 259 4372 tes:
282 4311 374 4384 τίνος
397 4306 518 4394 ἕνεκεν,
542 4311 641 4395 ὕγιοι,
664 4311 758 4396 ἡμεῖς
781 4309 842 4396 μὲν
869 4314 993 4397 χρόνον
1019 4313 1136 4395 ἐχομεν
1166 4311 1289 4377 ἐνθάδε
1317 4313 1505 4395 καθήμεναι

195 4402 250 4469 καὶ
274 4416 345 4481 ταῖς
373 4412 514 4489 πληγαῖς
544 4406 752 4492 ὀδυνώμευαι
782 4407 865 4496 (τῶν
892 4411 955 4494 γὰρ
986 4407 1089 4474 ἐκεῖσε
1118 4407 1280 4495 κειμένων
1310 4408 1505 4494 ἐτύγχανον,

194 4503 239 4577 ὡς
262 4503 383 4579 ταύτας
406 4503 532 4587 ἐπέγνω
555 4503 623 4590 μετ’
652 4508 733 4592 όναρ
762 4506 780 4572 δ
809 4504 993 4593 ἄρρωστος)
1020 4504 1075 4571 καὶ
1105 4508 1302 4593 νοσημάτων
1331 4509 1423 4573 οὕπω
1447 4527 1504 4573 πε·
1582 4576 1585 4581 ,

194 4600 365 4683 παύμεθα·
397 4597 495 4679 οὗτος
525 4600 563 4668 δὲ
593 4609 660 4668 κτλ.
691 4604 744 4688 42,
759 4601 845 4667 3585
856 4604 892 4668 Β.
928 4605 1017 4688 διετή
1048 4608 1172 4691 χρόνον
1202 4606 1266 4672 ἀνὰ
1295 4616 1364 4671 τῶν
1392 4606 1505 4671 αὐτῶν

195 4698 298 4780 σηκὸν
321 4700 537 4784 διαιτώμενος
559 4700 613 4784 48,
627 4699 712 4764 3601
722 4701 758 4764 Β.
791 4703 914 4787 χρόνον
936 4705 1076 4786 ποιήσας
1106 4708 1235 4789 συχνῦν
1263 4703 1324 4780 ἕως
1351 4697 1393 4769 οὗ
1419 4705 1504 4780 Θεὸς
