3294 5190
553 351 595 407 De
614 350 767 406 incubandi
785 349 888 405 ritibus
908 350 1106 420 symbolisque.
1445 353 1487 418 39

267 518 388 594 Quodsi
421 517 482 581 hac
511 516 546 580 in
576 538 611 580 rc
641 514 823 599 quaestioni
853 518 984 578 nostrae
1017 514 1100 578 nihil
1137 516 1348 602 profecimus,
1379 523 1487 583 tamen

178 618 283 680 inesse
306 613 505 679 incubationi
529 614 681 700 magicae,
704 635 785 698 quae
808 613 847 677 de
870 612 1078 676 incubatione
1099 612 1263 678 chthoniis
1292 616 1342 679 dis
1365 616 1487 680 instau-

178 719 248 779 rata
271 713 431 800 originem
453 711 605 796 petivere,
627 710 722 775 nobis
746 709 892 775 videmur
916 710 1161 775 demonstrasse.

710 917 748 973 B.
781 916 951 985 symbola.

265 1026 464 1092 Accedamus
486 1047 572 1089 nunc
600 1023 729 1110 quidem
757 1022 797 1086 ad
825 1021 973 1106 symbola
1002 1021 1216 1107 dispicienda,
1240 1024 1259 1087 i.
1280 1045 1304 1088 e.
1333 1024 1486 1090 animalia

176 1125 320 1208 aliasque
349 1146 413 1208 res,
444 1145 525 1208 quae
547 1126 681 1207 propter
709 1121 776 1185 vim
800 1119 959 1205 quandam
990 1124 1022 1183 et
1056 1120 1197 1184 indolem
1232 1120 1297 1184 illis
1330 1122 1380 1186 dis
1410 1126 1486 1187 sunt

176 1244 283 1287 sacrae
315 1221 366 1286 vel
398 1222 432 1286 in
465 1220 595 1285 illorum
628 1220 761 1283 deorum
794 1221 968 1301 conspectu
998 1217 1094 1281 nobis
1130 1223 1315 1305 occurrunt,
1349 1220 1404 1304 qui
1437 1218 1479 1284 δι’

98 1390 103 1408 ,
176 1320 396 1403 ἐγκοιμήσεως
418 1318 529 1382 futura
556 1316 737 1401 praedicere
764 1314 816 1380 vel
843 1315 973 1380 morbos
1001 1336 1114 1379 sanare
1142 1316 1297 1381 solebant.
1344 1318 1484 1381 Parvum

176 1416 298 1482 scilicet
315 1438 485 1480 numerum
506 1414 652 1479 locorum
672 1413 713 1477 ad
736 1414 819 1478 hanc
846 1435 914 1477 rem
932 1414 1164 1497 pertinentium
1177 1436 1349 1498 possumus
1362 1416 1484 1500 afferre,

175 1537 248 1578 cum
270 1536 336 1578 non
360 1513 581 1597 symbolorum
604 1511 835 1576 chthoniorum
862 1511 1000 1575 indicem
1028 1511 1119 1595 quasi
1152 1511 1366 1576 universalem
1393 1535 1482 1596 prae-

174 1614 250 1676 bere
272 1612 476 1696 propositum
500 1611 543 1675 sit
565 1631 624 1674 nec
646 1610 786 1693 proponi
808 1609 961 1693 potuerit,
985 1609 1040 1673 sed
1064 1631 1118 1674 eae
1141 1613 1282 1694 tantum,
1306 1610 1392 1694 quod
1415 1611 1484 1694 qui-

173 1710 245 1774 dem
268 1710 308 1773 ad
331 1707 560 1792 Aesculapium
588 1708 733 1791 attineat,
756 1729 807 1771 res
831 1707 896 1771 sint
920 1707 1130 1771 conferendae
1154 1713 1251 1792 atque
1275 1707 1483 1794 colligendae,

173 1830 254 1891 quae
282 1829 355 1872 cum
387 1807 457 1890 ipsa
485 1805 692 1870 incubatione
719 1805 828 1889 aliquo
857 1805 952 1868 modo
983 1805 1084 1869 artius
1113 1805 1312 1870 cohaereant.
1362 1804 1482 1870 Tamen

173 1926 245 1968 eum
275 1904 422 1988 symbola
452 1903 632 1986 tractanda,
662 1903 695 1966 id
726 1903 812 1986 quod
842 1906 1091 1966 consentaneum
1123 1906 1185 1986 est,
1213 1903 1247 1966 in
1274 1904 1363 1967 omni
1392 1903 1483 1970 cultu

172 2001 326 2066 chthonio
356 2000 512 2066 latissime
547 2000 613 2064 siut
642 2000 798 2083 dispersa,
834 1999 961 2082 saepius
998 1999 1082 2063 sicut
1118 2000 1152 2062 in
1182 2000 1304 2064 rituum
1334 2001 1481 2088 catalogo

172 2097 372 2163 antecedenti
395 2097 436 2161 ad
458 2120 512 2162 eos
536 2096 636 2161 libros
659 2095 824 2183 relegandi
851 2100 945 2160 erunt
972 2095 1129 2181 legentes,
1154 2097 1271 2180 quibus
1299 2096 1389 2162 velut
1411 2099 1482 2162 fon-

172 2196 260 2260 tibus
288 2194 431 2258 virorum
464 2192 716 2258 clarissimorum
744 2194 891 2259 doctrina
918 2194 957 2259 de
984 2194 1080 2258 rebus
1113 2193 1300 2279 symbolicis
1328 2201 1481 2282 congesta

171 2293 302 2357 uberius
325 2292 467 2376 profluit.

696 2413 716 2468 I.
737 2412 949 2483 Animalia¹).

170 2507 209 2572 In
241 2505 360 2571 tabulis
391 2505 579 2590 Epidauriis
611 2506 662 2570 bis
693 2509 827 2590 apparet
854 2505 961 2569 canis
998 2502 1176 2592 quidaml),
1208 2487 1300 2571 euiirs
1335 2506 1479 2595 lingua⁸)

170 2608 325 2669 sanantur
348 2604 481 2690 aegroti,
504 2604 606 2669 altero
634 2603 705 2668 loeo
728 2625 809 2688 puer
835 2624 947 2668 caecus
974 2603 1076 2667 altero
1100 2625 1193 2688 puer,
1224 2604 1276 2668 cui
1300 2605 1334 2668 in
1357 2607 1480 2670 cervice

172 2709 241 2769 erat
263 2704 363 2770 ulcus.

239 2853 281 2908 De
298 2853 415 2907 canibus
429 2850 591 2922 Aesculapii
610 2871 634 2906 v.
648 2851 800 2906 Thraemer
814 2850 1057 2920 Pauly-Wissowa
1077 2869 1097 2905 s.
1114 2871 1137 2905 v.
1156 2849 1307 2920 Asklepios
1317 2870 1343 2921 p.
1357 2856 1426 2906 1682
1437 2869 1477 2921 sq.

241 2933 348 2987 Gaidoz
375 2934 441 2988 Rev.
471 2931 591 2987 archeol.
621 2938 673 2985 θ1118
696 2931 767 2986 serie
790 2930 829 2984 IV
857 2933 948 3001 (1884)
974 2951 1000 3001 p.
1021 2938 1072 2986 217
1089 2949 1149 3000 sqq.
1193 2931 1324 3001 Toepffer
1350 2931 1480 2987 Attische

241 3012 412 3082 Genealogie
422 3031 449 3083 p.
464 3019 524 3066 302.
550 3011 761 3082 Furtwaengler
780 3011 944 3081 Sammlimg
959 3011 1110 3066 Sabouroff
1123 3011 1136 3065 I
1150 3017 1184 3065 24
1191 3029 1231 3079 sq.
1251 3011 1293 3066 De
1312 3011 1430 3065 canibus
1449 3011 1479 3064 in

241 3095 413 3147 mortuorum
434 3091 512 3146 cultu
531 3110 554 3146 v.
574 3091 673 3145 Rohde
691 3091 822 3160 Psyche¹
839 3092 851 3143 Ι
871 3097 922 3144 242
937 3091 1002 3145 adn.
1023 3091 1057 3145 cf.
1082 3090 1293 3160 Furtwaengler
1311 3091 1329 3144 l.
1350 3108 1372 3144 c.
1392 3108 1418 3159 p.
1435 3098 1477 3146 24.

240 3172 364 3227 Roscher
382 3172 439 3225 Das
458 3189 512 3226 von
530 3171 580 3224 der
597 3170 810 3239 Kynanthropie
832 3169 993 3224 handelnde
1011 3171 1165 3239 Fragment
1187 3171 1236 3224 des
1255 3170 1405 3224 Marcellus
1424 3188 1478 3224 von

242 3251 316 3318 Side,
335 3250 477 3305 Abhandl.
498 3251 524 3305 d.
545 3249 639 3304 Stehs.
661 3250 723 3304 Ges.
743 3250 768 3305 d.
789 3248 872 3302 Wiss.
888 3248 967 3302 XVII
981 3252 1071 3320 (1896)
1090 3248 1240 3318 phil-hist.
1256 3248 1310 3317 Kl,
1329 3268 1356 3318 p.
1371 3255 1405 3303 25
1416 3267 1477 3318 sqq.

240 3329 400 3385 Memineris
423 3327 588 3397 Cerberum,
611 3329 732 3383 Hecates
755 3346 852 3397 canes,
876 3326 988 3382 similia.
1025 3329 1132 3384 Canum
1150 3345 1266 3399 corpora
1284 3327 1315 3382 in
1333 3328 1478 3383 lustratio-

239 3410 322 3464 nibus
346 3408 484 3477 adhibita,
503 3408 602 3464 Rohde
620 3408 747 3477 Psyche¹
764 3410 790 3462 H
808 3428 834 3480 p.
849 3414 910 3462 406.
926 3412 986 3462 407.
1024 3408 1066 3463 De
1092 3408 1208 3463 canibus
1232 3408 1262 3462 in
1284 3408 1402 3478 magicis
1421 3409 1477 3463 usi·

239 3491 308 3546 tatis
332 3509 356 3545 v.
376 3489 454 3545 Riels
478 3508 498 3545 s.
519 3508 543 3546 v.
562 3488 677 3560 Abergl.
700 3507 727 3559 p.
744 3494 777 3544 72
792 3508 832 3559 sq.
853 3487 1073 3561 (Pauly-Wiss.).
1102 3490 1124 3543 Ε
1148 3488 1262 3559 papyris
1285 3488 1404 3560 magicis
1428 3490 1478 3543 ad-

259 3706 285 3774 1)
302 3704 345 3760 De
364 3702 541 3775 serpentibus
560 3703 656 3759 omnia
679 3703 809 3759 omittere
832 3702 979 3770 constitui,
1006 3703 1082 3772 quod
1105 3718 1192 3772 quare
1211 3703 1318 3757 factum
1337 3702 1374 3757 sit
1393 3703 1477 3757 facilc

168 3784 351 3855 intellegitur.

257 3866 283 3934 2)
301 3865 349 3918 Nr.
365 3870 398 3918 59
418 3864 643 3940 (=‚1F0uilles)
662 3864 725 3918 XIX
743 3871 793 3919 125
812 3865 960 3921 Baunack:
981 3864 1107 3936 [Θ]ιλσων
1121 3861 1286 3933 Ἑρμιονεὺς
1299 3873 1367 3926 παῖς
1384 3863 1475 3932 aldeis.

167 3941 273 4016 οὗ[τος]
289 3941 364 4011 ὕπαρ
378 3945 433 3999 ὑπὸ
448 3944 533 4007 κυνὸς
546 3954 602 4000 τῶν
620 3944 692 3999 κατὰ
710 3945 741 4000 τὸ
756 3945 838 4013 λαρὸν
852 3943 1107 4018 θ[εραπ]εοόμενος
1124 3945 1190 4006 τοὺς
1208 3940 1354 4007 ὀπτίλλους
1372 3944 1477 4017 ὑ[γιὴ]ς

167 4027 287 4094 ἀπῆλθε.
324 4023 675 4095 Nr.ao(=as0ui11es)
700 4024 807 4080 vles:
831 4026 906 4081 κύων
929 4024 1027 4081 ἰάσατο
1049 4028 1140 4080 παῖδα
1163 4022 1352 4095 ulmum.
1396 4020 1477 4087 οὗτος

167 4113 247 4175 φῦμα
266 4102 297 4158 ἐν
315 4103 378 4174 τῶ[ι
396 4101 536 4177 τραγ]άλῳ
555 4099 619 4174 εἶχε.
657 4101 856 4177 ἀφικόμενο[ν]
875 4103 904 4159 δ’
926 4106 1014 4162 αὐτὸν
1032 4107 1082 4161 acl
1100 4105 1175 4177 τ[ὸν]
1194 4103 1291 4175 θε[ὸ]ν
1305 4104 1407 4176 κύ[ω]ν
1420 4113 1475 4159 τῶν

166 4181 360 4255 1αρῶνῧ[παρ
379 4184 427 4256 τ]ᾄ
446 4185 553 4258 γλώσσᾳ
572 4183 746 4252 ἐθεράπευσε
764 4186 813 4238 καὶ
831 4186 895 4255 ὑγιῆ
915 4183 1049 4257 {adama

255 4267 282 4334 3)
302 4263 344 4317 De
367 4262 465 4332 lingua
489 4261 593 4317 dieitur
615 4265 699 4319 modo
723 4262 775 4318 sub
795 4271 842 4334 80,
857 4271 904 4332 3⁷3
923 4266 1020 4320 tamen
1042 4262 1093 4319 sub
1114 4270 1161 4334 59,
1178 4271 1229 4319 126
1249 4263 1326 4320 idem
1349 4266 1475 4318 statuere

165 4345 247 4412 licet,
271 4343 338 4414 quia
357 4342 404 4397 hic
422 4342 498 4397 idem
517 4343 669 4398 adhibetur
686 4344 803 4399 verbum
820 4345 1007 4413 θεραπεύειν,
1026 4346 1101 4412 quod
1119 4343 1180 4399 illie
1200 4362 1263 4398 cum
1281 4360 1349 4398 voce
1368 4345 1475 4418 γλώσσᾳ

166 4427 285 4495 apparet
303 4421 490 4478 coniunctum.
528 4422 569 4477 De
589 4423 707 4479 caninae
725 4423 841 4495 linguae
864 4423 891 4477 vi
915 4423 1061 4479 salutifera
1084 4441 1118 4480 ex
1142 4423 1267 4493 antiquis
1291 4422 1474 4493 scriptoribus

165 4504 229 4559 vide
247 4521 289 4559 ex.
309 4521 349 4574 gr.
369 4501 480 4557 Aelian.
500 4502 565 4557 hist.
586 4520 630 4558 an.
645 4504 710 4557 VIII
725 4511 753 4559 9:
772 4503 928 4573 τρωθέντες
946 4503 978 4559 δὲ
997 4507 1044 4574 (εο.
1056 4508 1149 4575 canes)
1165 4504 1259 4576 ἔχουσι
1277 4503 1328 4573 τὴν
1350 4505 1475 4574 γλῶτταν

165 4584 329 4653 φάρμακον,
353 4574 423 4656 ᾗπερ
449 4578 500 4638 οὖν
523 4585 753 4655 περιλιχμώμενον
776 4585 807 4640 τὸ
835 4584 946 4653 τρωθὲν
971 4583 1053 4654 μέρος
1076 4586 1115 4648 εἰς
1137 4582 1246 4656 ὑγίειαν
1274 4582 1473 4654 ἐπανάγουσιν.

166 4664 199 4718 cf.
219 4664 350 4719 Philostr.
370 4663 403 4718 V.
419 4663 469 4734 Ap.
486 4663 525 4718 VI
538 4670 573 4718 43
587 4682 614 4733 p.
626 4670 687 4733 253,
697 4671 730 4719 22
741 4666 787 4720 K:
807 4667 870 4721 aul.
883 4708 889 4721 .
902 4664 1041 4721 ,ἐκέλευσε
1059 4665 1110 4721 τὸν
1128 4665 1200 4721 κύνα
1219 4662 1473 4734 περιλιχμήσασθαι

169 4743 201 4798 τὸ
220 4746 322 4816 δῆγμα,
339 4744 376 4808 ὡς
394 4744 488 4812 ἰατρὸς
507 4745 582 4818 αὐτῷ
600 4744 685 4802 πάλιν
704 4745 719 4801 ὁ
737 4746 845 4816 τρώσας
862 4744 979 4819 γένοιτο.
1300 4780 1303 4785 -
