3294 5190
168 353 212 415 50
742 351 833 420 Caput
851 351 896 406 ΠΙ.

256 514 354 578 Terra
381 514 494 598 igitur,
524 535 605 596 quae
635 513 705 596 ipsa
740 514 773 576 in
806 513 943 577 oraculis
975 515 1041 578 suis
1074 515 1241 579 vaticinari
1272 513 1413 598 solebat,
1447 514 1485 577 in

168 613 330 695 potentias
363 633 436 677 suas
468 611 664 675 distrahitur.
717 610 846 674 Phoebe
877 633 951 675 sane
982 612 1021 674 ab
1052 611 1212 696 Aeschylo
1241 613 1312 696 ipso
1348 611 1485 675 videtur

166 711 357 793 interposita
380 732 462 793 esse,
493 730 556 791 qua
580 708 618 772 de
641 731 675 771 re
699 708 762 771 iam
786 712 871 772 recte
900 708 1053 773 iudicavit
1081 710 1245 774 Bruhnius
1272 711 1305 772 in
1334 709 1484 773 editione

166 807 352 892 Iphigeniae
375 806 529 870 Tauricae
557 804 681 893 (Berlin
713 804 812 891 1894)
837 829 867 888 p.
889 805 961 869 155.
1007 807 1082 872 Nox
1106 807 1267 891 quomodo
1291 828 1364 870 cum
1389 810 1484 870 terra

166 908 382 990 conlungatur
404 904 498 968 facile
522 903 730 989 intellegitur.
777 903 826 967 Dc
849 904 1013 968 Themidis
1021 903 1046 991 ¹)
1069 905 1102 969 vi
1125 905 1279 969 chthonia
1301 905 1373 969 vide
1398 927 1484 968 non-

166 1004 254 1067 nulla
277 1003 362 1086 apud
391 1001 451 1065 Ed.
477 1001 621 1065 Gerhard
649 1001 715 1066 Das
744 1000 863 1065 Orakel
891 1001 946 1065 der
974 1002 1104 1066 Themis
1132 1002 1483 1088 (1111111111-

166 1123 350 1186 programm
367 1100 477 1163 Berlin
494 1098 594 1186 1846)
611 1122 641 1183 p.
659 1100 700 1163 10
718 1123 747 1163 1.
762 1100 814 1163 42.
847 1099 1000 1164 Welcker
1015 1100 1140 1165 Griech.
1156 1098 1289 1165 Giitterl.
1308 1099 1480 1184 1325,28.

167 1198 310 1263 Gerhard
332 1198 352 1263 l.
372 1220 395 1261 s.
415 1198 548 1261 adnotat
575 1220 614 1260 ex
642 1197 734 1262 Paus.
754 1197 800 1261 IX
820 1198 906 1281 221
937 1198 1123 1262 Themidem
1153 1221 1225 1262 cum
1248 1199 1373 1263 Venere
1403 1220 1481 1262 con-

165 1297 307 1360 iunctam
331 1318 413 1379 esse,
441 1296 538 1359 addas
562 1294 654 1358 Paus.
674 1294 706 1358 ll
725 1296 777 1380 27,
792 1295 822 1376 5,
846 1296 901 1359 111
931 1296 1066 1360 Veneris
1095 1301 1127 1360 11
1154 1296 1319 1360 Themidis
1348 1318 1480 1360 sacrum

166 1394 376 1478 Epidaurium
395 1397 671 1458 commemoratur.
697 1395 872 1477 Εὔβουλος
884 1393 1014 1457 Themis
1030 1395 1215 1459 nominatur
1229 1395 1319 1458 Pind.
1331 1393 1380 1458 Ol.
1394 1395 1480 1479 13,8

166 1490 449 1578 Ι11111.7(8),32,
482 1491 569 1575 quod
598 1513 775 1576 cognomen
804 1491 936 1554 deorum
960 1491 1187 1557 chthoniomm
1211 1492 1377 1576 proprium
1408 1514 1481 1557 esse

166 1595 299 1654 constat.
337 1589 505 1672 Olympiae
529 1589 612 1652 inter
635 1611 722 1652 aram
748 1589 864 1652 Terrae
889 1594 921 1653 et
940 1613 1028 1653 aram
1047 1588 1133 1654 lovis
1158 1590 1370 1674 Καταιβάτου
1394 1590 1480 1654 Τ11-

164 1688 260 1751 midis
288 1688 406 1751 dicitur
428 1687 526 1751 fuisse
550 1709 617 1750 ara:
643 1686 734 1750 Paus.
762 1687 792 1751 V
815 1686 963 1773 14102).
1014 1687 1063 1752 De
1086 1688 1179 1752 Paua.
1200 1686 1277 1751 VIII
1297 1687 1383 1771 25st
1410 1711 1480 1752 non

165 1937 335 1989 exstructum
359 1951 465 1988 summo
491 1933 520 1986 in
543 1934 679 2000 Taenaro,
700 1934 749 1987 ubi
769 1934 863 1988 aditus
887 1936 968 2003 patet
992 1934 1028 1987 ad
1051 1934 1171 1999 inferos,
1194 1932 1320 2003 Neptuni
1343 1933 1480 1987 exstabat

166 2018 268 2070 statua.
298 2015 384 2068 Terra
404 2017 432 2068 11
450 2014 601 2084 Neptunus
621 2014 763 2068 coniuncti
783 2015 859 2083 apud
877 2014 1007 2068 Philostr.
1028 2013 1060 2068 V.
1080 2013 1172 2082 Apoll.
1188 2013 1226 2066 VI
1240 2019 1273 2066 41
1288 2032 1314 2082 p.
1330 2019 1391 2080 251,
1403 2013 1479 2069 6Κ.;

165 2106 282 2165 σεισμῶν
301 2094 332 2148 db
351 2093 547 2165 κατασχόντων
566 2093 632 2149 ποτὲ
651 2094 701 2156 τὰς
719 2097 750 2150 ἐν
768 2100 806 2166 τῷ
826 2095 959 2165 ἀριστερῷ
980 2091 1172 2165 Ἑλλησπόντῳ
1196 2092 1305 2160 πόλεις,
1328 2093 1480 2162 Αίχόπτιοι

164 2175 214 2245 μὲν
233 2177 281 2230 καὶ
299 2177 438 2229 Χαλδαῖοι
458 2176 522 2243 περί
541 2174 628 2236 αὐτὰς
647 2172 791 2244 ἠγείροντο
806 2173 876 2241 ὑπὲρ
895 2174 1026 2243 ξυλλοχῆς
1039 2172 1187 2242 χρημάτων
1201 2174 1238 2235 ὡς
1252 2172 1480 2236 δεκαταλάντους

163 2254 267 2318 θυσίας
287 2260 331 2326 Γῇ
350 2257 397 2309 καί
418 2257 613 2308 Ποσειδῶνι
631 2254 775 2316 θύσοντες.
813 2254 853 2306 De
872 2255 964 2307 terrae
983 2255 1012 2306 et
1031 2269 1121 2320 aquae
1139 2252 1315 2319 numinibus,
1334 2255 1479 2320 quomodo

165 2335 239 2389 inter
262 2352 291 2387 se
320 2334 504 2400 misceantur,
528 2333 592 2387 vide
624 2351 698 2386 nunc
724 2333 860 2386 nonnulla
886 2334 962 2403 apud
987 2333 1170 2386 Boehlavium
1197 2332 1479 2404 ‘Schlengenleibige

163 2415 323 2485 Nymphen’
344 2414 444 2468 Philol.
463 2419 531 2467 1898
551 2433 576 2483 p.
589 2420 640 2466 513
650 2432 710 2483 sqq.
732 2447 764 2454 --
788 2413 901 2466 Themis
923 2416 988 2483 post
1011 2413 1103 2482 ipsum
1127 2412 1290 2482 Neptunum
1313 2412 1480 2468 nominatur

164 2496 239 2566 apud
258 2496 322 2549 Hes.
342 2494 447 2563 Theog.
464 2499 496 2546 15
507 2511 548 2561 sq.

251 2579 278 2645 2)
297 2579 330 2645 (v.
350 2591 414 2644 pag.
440 2576 494 2642 49.)
536 2574 681 2628 Themidis
705 2591 770 2644 pars
799 2575 873 2627 dono
902 2575 987 2627 datur
1020 2573 1160 2643 Apollini,
1189 2573 1321 2644 Neptuno
1344 2592 1394 2642 pro
1424 2592 1479 2629 sua

164 2655 295 2710 Calauria
313 2655 406 2708 insula
424 2653 553 2707 traditur.
583 2654 871 2708 11111111111127.

257 2739 281 2805 1)
301 2734 413 2788 Themis
433 2733 607 2787 vaticinandi
627 2737 716 2788 artem
729 2734 849 2789 invenit:
864 2735 959 2803 hymn.
976 2733 1061 2803 Orph.
1082 2736 1182 2805 19(78),
1193 2741 1217 2789 3.
1237 2734 1343 2789 Diodor
1356 2733 1382 2787 V
1393 2741 1439 2805 67,
1450 2743 1478 2790 4.

163 2815 279 2886 Delphis
304 2814 485 2870 vaticinatum
508 2815 535 2869 h.
560 2814 643 2884 Orph.
665 2816 683 2870 l.
704 2833 724 2869 s.
739 2833 764 2868 v.
780 2822 804 2868 4.
832 2815 985 2868 Menander
1004 2815 1068 2881 περὶ
1094 2814 1166 2868 ἐπιδ.
1187 2821 1331 2884 p.441,28
1351 2815 1478 2886 Spengel

164 2925 198 2942 =
217 2916 242 2966 p.
260 2901 310 2949 147
330 2896 456 2949 Bursian.
490 2895 687 2964 Apollod.I4,
704 2903 727 2964 1,
738 2902 762 2951 3.
792 2895 926 2948 Themist.
947 2896 1016 2949 orat.
1038 2900 1081 2962 24,
1097 2900 1183 2948 3051.
1214 2895 1261 2950 Or.
1277 2896 1343 2949 Met.
1358 2895 1397 2948 IV
1412 2901 1476 2950 642.

163 2977 309 3031 Phoebum
328 2974 501 3029 vaticinandi
521 2978 610 3029 artem
629 2977 725 3031 docet:
744 2977 771 3030 h.
793 2974 876 3044 Orph.
892 2993 917 3029 v.
934 2981 957 3030 6.
979 2974 1130 3028 Oraculum
1155 2975 1322 3045 Delphicum
1345 2975 1477 3042 Pythone

163 3056 311 3111 interfecto
331 3055 463 3125 custodit,
482 3056 549 3108 dum
568 3056 669 3126 Apollo
688 3073 787 3110 novem
808 3072 945 3109 annorum
962 3071 1129 3125 magnorum
1142 3055 1266 3124 periodis
1281 3054 1366 3125 ἁγνὸς
1379 3054 1477 3110 factus

166 3136 308 3192 111111,
329 3136 438 3190 dedet.
459 3137 648 3205 or.p.4210.
686 3137 749 3190 Una
773 3153 835 3189 cum
859 3135 990 3204 Apolline
1014 3135 1158 3189 oraculum
1181 3135 1317 3190 instituit:
1344 3135 1477 3203 Ephorus

165 3218 240 3287 apud
260 3218 351 3271 Strab.
367 3217 404 3269 IX
420 3223 444 3282 3,
456 3223 488 3269 11
503 3236 529 3286 p.
541 3223 601 3270 422.
622 3217 734 3270 Themis
752 3217 781 3269 in
800 3215 912 3284 tripode
932 3216 1031 3268 sedens
1050 3216 1163 3269 nomine
1179 3216 1320 3285 adscripto
1339 3215 1368 3266 in
1383 3215 1476 3283 cylice

163 3296 345 3365 Berolinensi,
365 3316 387 3350 v.
408 3296 537 3350 tabulam
556 3298 636 3366 apud
659 3295 845 3350 Gerhardium
868 3296 925 3349 Das
950 3296 1053 3350 Oralrel
1077 3297 1104 3350 d.
1124 3295 1245 3349 Themis.
1265 3328 1299 3335 -
1318 3293 1477 3362 pellitorum

162 3375 248 3446 θέμιν
263 3377 361 3447 εὐσεβῆ
382 3385 513 3445 χρησμοῖς
530 3380 578 3446 (sc.
595 3376 741 3446 ἐποιχνεῖς)
755 3376 849 3444 hymn.
864 3375 964 3444 Delph.
981 3376 1056 3444 apud
1070 3373 1197 3427 Crusium
1212 3373 1274 3443 (Die
1289 3373 1477 3439 delphischen

164 3458 293 3526 Hymnen
313 3455 466 3525 (tettingen
492 3460 571 3526 1894)
594 3458 655 3510 114
665 3474 705 3524 sq.
726 3455 759 3511 cf.
784 3455 1031 3525 προφητεύσοντα.
1048 3498 1053 3509 .
1070 3452 1172 3522 ,θέμιν
1201 3461 1259 3514 τοῖς
1281 3449 1412 3520 Ἕλλησιν
1439 3457 1475 3510 de

163 3536 306 3606 Apolline:
325 3536 465 3590 Himerius
484 3540 554 3593 orat.
569 3536 633 3590 XIV
648 3543 689 3591 10.

253 3621 280 3686 2)
300 3618 346 3671 ἐπὶ
366 3615 397 3670 (11
414 3622 452 3689 τῷ
475 3616 565 3691 Γαίῳ
580 3615 740 3688 καλουμένῳ
755 3612 845 3688 βωμός
859 3614 933 3668 ἔστιν
947 3611 992 3667 ἐπ’
1010 3614 1084 3686 αὐτῷ
1100 3617 1173 3682 Γῆς,
1187 3611 1291 3682 τέφρας
1310 3615 1358 3667 καὶ
1377 3610 1476 3680 οὗτος·

163 3697 197 3752 τὰ
212 3696 244 3751 δὲ
264 3697 303 3751 έτι
322 3695 489 3767 ἀρχαιότερα
503 3699 552 3752 καὶ
566 3706 728 3766 μαντεῖον
740 3704 788 3764 τῆς
803 3699 859 3763 Γῆς
873 3691 976 3747 αὐτόθι
991 3689 1064 3749 εἶναι
1074 3691 1209 3762 λέγουσιν.
1225 3691 1271 3746 έπὶ
1290 3692 1321 3746 δὲ
1339 3703 1389 3747 τοῦ
1409 3695 1476 3750 ὀνο-

164 3775 318 3846 μαζομένου
334 3775 486 3846 Στομίου
503 3776 624 3846 Θέμιδι
643 3775 764 3848 όβωμός
778 3772 936 3843 πεποίηται.
955 3783 1005 3828 τοῦ
1020 3773 1051 3828 dl
1065 3772 1285 3844 Καταιβάτου
1304 3774 1385 3837 Διὸς
1404 3794 1476 3844 προ-

165 3856 295 3929 βέβληται
314 3856 365 3926 μὲν
383 3855 565 3927 πανταχόθεν
582 3855 636 3923 πρό
660 3863 710 3908 τοῦ
729 3857 822 3926 βωμοῦ
842 3852 971 3925 φράγμα,
990 3853 1046 3908 ἔστι
1065 3853 1096 3908 δὲ
1115 3855 1185 3922 πρὸς
1203 3859 1241 3926 τῷ
1259 3856 1341 3927 βωμῷ
1358 3860 1396 3926 τῷ
1415 3856 1475 3912 ἀπὸ

164 3947 213 4007 τῆς
230 3935 335 4007 τέφρας
352 3942 390 4010 τῷ
410 3936 525 4009 μεγάλῳ.
563 3936 656 3989 Iovem
674 3934 835 4004 Olympium
855 3935 1019 3989 chthonium
1037 3935 1121 3989 initio
1143 3935 1230 3988 fuisse
1249 3934 1397 4004 probabile
1420 3939 1475 4004 est,

164 4036 187 4072 v.
208 4018 238 4072 B.
259 4018 369 4072 Curtius
389 4019 563 4087 Peloponnes
577 4016 602 4068 Π
617 4021 658 4070 53,
683 4020 742 4082 110,
757 4015 1054 4085 551111111111111111.
1071 4015 1188 4069 Gotterl.
1204 4016 1216 4067 I
1231 4017 1303 4085 324).
1324 4013 1475 4082 Olympiae

164 4098 295 4151 exstabat
319 4097 477 4152 Pausaniae
500 4095 673 4165 temporibus
697 4112 748 4148 ara
772 4095 844 4149 Iovis
869 4095 1029 4165 ἐπωνυμίαν
1057 4093 1187 4151 Χθονίου
1207 4095 1242 4166 (V
1257 4101 1299 4162 14,
1314 4097 1349 4163 8),
1373 4093 1407 4148 cf.
1433 4095 1474 4152 ib.

164 4177 189 4230 V
206 4183 247 4243 14,
258 4184 281 4233 2.
311 4177 391 4243 Quod
408 4177 444 4230 ad
458 4177 551 4230 locum
568 4176 652 4229 modo
672 4175 844 4246 descriptum
861 4176 992 4245 pertinet,
1012 4174 1127 4245 στόμιον
1147 4174 1339 4246 Trophoniani
1359 4191 1475 4244 quoque

167 4258 241 4310 antri
261 4258 354 4311 aditus
374 4255 537 4325 saepissime
557 4255 727 4325 appellatur,
745 4275 770 4310 v.
789 4257 863 4311 inter
882 4257 940 4310 alia
958 4257 1040 4311 Paus.
1060 4258 1099 4310 IX
1114 4264 1209 4326 39,11.
1233 4257 1308 4310 Max.
1322 4254 1386 4323 Tyr.
1404 4254 1474 4313 diss.

168 4343 210 4406 14,
225 4343 249 4390 2.
276 4337 361 4391 schol.
381 4338 428 4389 Ar.
443 4335 517 4392 Nub.
533 4342 584 4389 598
600 4336 632 4389 V.
657 4337 733 4393 Suid.
756 4356 776 4393 s.
797 4356 822 4391 v.
841 4338 1011 4408 Τροφώνιος.
1031 4337 1195 4408 Apostolius
1216 4337 1292 4390 XVII
1307 4341 1340 4388 30
1359 4335 1476 4404 (Parce-

164 4415 322 4486 miographi
341 4417 450 4486 Π694).
477 4416 659 4488 Καταιβάτου
678 4418 758 4489 Διὸς]
777 4418 959 4490 Καταβάσιον
972 4435 1074 4473 nomen
1090 4417 1196 4472 oraculi
1213 4415 1367 4485 Trophonii
1383 4417 1474 4473 schol.

165 4498 212 4550 Ar.
232 4496 305 4549 Nub.
325 4496 343 4550 1.
364 4513 384 4549 s.
405 4496 481 4550 Suid.
500 4498 518 4552 l.
540 4515 560 4551 s.
580 4498 706 4566 Apostol.
726 4498 743 4552 l.
764 4515 784 4552 s.
805 4498 885 4562 Quod
905 4500 942 4552 ad
961 4499 1077 4570 φράγμα
1102 4497 1220 4565 1111111,
1239 4494 1381 4567 περίβολοι
1407 4513 1475 4550 111-

164 4577 231 4633 ferri
249 4577 374 4646 possunt,
395 4576 466 4630 alter
485 4578 559 4647 apud
578 4578 654 4633 idem
673 4578 818 4632 oraculum
835 4578 988 4648 Trophonii
1006 4579 1098 4649 (Paus.
1114 4578 1152 4631 IX
1166 4584 1209 4646 39,
1221 4579 1255 4646 9),
1276 4577 1347 4629 alter
1361 4576 1391 4628 in
1409 4576 1475 4632 loco

164 4674 252 4723 sacro,
271 4655 320 4709 ubi
339 4657 527 4727 Amphiaraus
546 4660 622 4713 terra
640 4659 788 4713 devoratus
808 4675 868 4712 1111
887 4659 1049 4726 dicebatur,
1075 4658 1150 4711 inter
1167 4656 1283 4710 Potnias
1307 4659 1337 4709 et
1359 4656 1475 4712 Thebas

163 4738 255 4808 (Paus.
271 4737 310 4790 IX
323 4743 348 4806 8,
359 4742 393 4809 3).
