3294 5190
538 312 579 365 De
598 311 721 365 carmine
739 311 874 381 Delphico
894 311 1054 380 Euripideo.
1434 311 1477 375 55
1547 321 1550 326 ’

175 476 260 541 1255
284 477 374 541 verbi
398 481 534 562 φαίνειν
557 476 780 560 compositum,
803 478 1004 561 προφαίνειν
1027 475 1125 539 verbo
1146 475 1259 560 simile,
1283 475 1317 540 in
1339 480 1479 541 mentem

172 579 309 639 venerat.

260 673 406 756 Denique
434 672 651 736 Eumenidum
679 672 767 736 locos
797 671 970 735 nonnullos
997 671 1166 755 adscripsi,
1200 672 1254 756 qui
1283 693 1356 735 curn
1384 672 1479 736 rebus

173 773 280 836 allatis
314 771 539 835 consentirent.
594 770 679 835 Nam
712 770 809 834 etiarn
841 770 926 854 apud
957 767 1155 852 Aeschylum
1192 770 1310 833 similia
1343 770 1479 834 inveniri

172 874 419 935 consentaneum
447 873 503 933 est.
554 866 717 952 Imprimis
745 890 856 932 versus
888 868 932 932 20
940 891 1008 952 sqq.
1031 868 1247 932 Eumenidum
1285 869 1379 952 plane
1406 891 1479 932 con-

175 973 295 1052 gruunt
319 989 391 1032 cum
414 966 578 1031 nonnullis
608 966 754 1030 versibus
781 965 895 1049 hymni
917 964 946 1050 Ι,
975 988 1068 1051 quos,
1097 988 1291 1050 quamquam
1319 988 1387 1029 rem
1415 968 1478 1030 iarn

176 1065 287 1150 attigit
311 1065 442 1130 Orosius
466 1063 519 1151 (D.
544 1064 649 1148 delph.
673 1063 825 1147 Hymnen
847 1087 877 1148 p.
897 1062 969 1150 26),
992 1068 1029 1129 ut
1052 1065 1218 1129 commode
1246 1065 1384 1129 conferri
1407 1087 1478 1147 pos-

175 1164 247 1247 sint,
271 1186 469 1247 componam.

303 1357 416 1423 Aesch.
436 1358 529 1422 Eum.
549 1358 593 1422 20
602 1380 669 1442 sqq.
1060 1357 1209 1441 Hymnus
1233 1357 1256 1422 I.

170 1458 309 1533 τούτους
345 1456 382 1521 ἐν
419 1456 530 1540 εὐχαῖς
573 1457 808 1542 φροιμιάζομαι
836 1456 1050 1540 ἳὸεφφύθεν
1070 1460 1248 1542 Τριτογενῆ
1270 1460 1477 1542 Προναίαν

214 1555 325 1630 θεούς.
872 1553 910 1638 ἐμ
918 1551 1131 1640 μαντείοις(ἳ)
1140 1553 1277 1639 δι[γ]ίοις
1292 1554 1399 1638 σέβων
1409 1561 1476 1619 κτλ.

169 1653 331 1728 Παλλὰς
359 1655 540 1738 Προναία
568 1651 598 1716 δ’
632 1652 669 1718 ἐν
696 1655 808 1736 λόγοις

213 1751 436 1836 πρεσβεύεται.

894 1848 947 1934 (cf.
968 1851 1126 1925 Παλλὰς
1145 1872 1173 1913 v.
1195 1850 1235 1913 19
1256 1853 1288 1913 et
1307 1847 1354 1912 IH
1369 1846 1413 1934 9.)

169 1945 253 2028 σέβω
277 1942 314 2010 δὲ
337 1947 508 2030 νύμφας,
527 1948 612 2010 ἔνθα
627 1945 809 2031 Κωρυκὶς
836 1946 879 2009 33
888 1969 955 2030 sqq.
971 1947 1159 2032 δωροῦνται
1179 1946 1218 2011 δέ
1230 1943 1296 2033 σ(ε)
1313 1946 1476 2011 ἀδύνατοι

212 2042 334 2129 πέτρα
357 2048 536 2127 κοίλη...
881 2046 1099 2110 Ποσειδῶν
1145 2044 1261 2127 ἁγνοῖς
1310 2042 1477 2127 δαπέδοις,

169 2144 342 2226 Βρόμιος
365 2144 431 2226 ἔχει
455 2143 513 2207 τὸν
537 2153 731 2228 χῶρον...
881 2143 1046 2227 Νύμφαι
1088 2145 1364 2228 Κωρυκίοισιν
1410 2143 1476 2206 ἄν·

880 2264 1004 2326 τροις,
1038 2241 1070 2324 ἰὴ
1105 2236 1132 2305 li
1161 2240 1283 2323 Παιάν,
1315 2238 1477 2326 τριετέσιν

327 2375 371 2382 -
603 2375 646 2383 -
876 2350 998 2421 φαναῖς
1017 2340 1200 2423 Βρόμιος.

168 2439 336 2499 Πλειστοῦ
372 2459 406 2499 τε
438 2438 544 2519 πηγὰς
576 2433 631 2500 καὶ
664 2439 808 2500 Ποσει-

214 2535 234 2597 δ
240 2543 340 2609 ῶνος
366 2533 486 2619 κράτος
508 2539 656 2598 καλοῦσα
679 2530 734 2597 καὶ
758 2531 807 2597 τέ-

212 2636 302 2696 λειον
325 2631 496 2709 ύύιστον
519 2634 604 2696 Δία.
837 2631 865 2695 7.
891 2631 1015 2714 Ζηνὸς
1042 2631 1214 2709 ὑψίστου
1241 2631 1298 2715 (sc.
1322 2627 1475 2716 ἄγαλμα).

255 2835 368 2920 ltaque
392 2859 431 2900 ex
455 2836 505 2900 his
530 2841 674 2921 quoque,⁸
695 2858 775 2919 quae
804 2834 972 2901 attulimus
1000 2836 1034 2899 in
1062 2836 1124 2900 hoc
1151 2836 1306 2922 capitulo,
1336 2841 1373 2900 ut
1400 2840 1475 2900 sunt

167 2956 280 3018 pauca,
310 2935 355 2998 ita
384 2934 499 3019 elucet,
528 2938 684 3019 quantum
716 2935 751 2997 in
781 2931 892 2998 Graeci
923 2933 1035 3017 populi
1068 2934 1134 2998 vita
1165 2934 1325 2999 valuerint
1355 2933 1475 3016 Delphi

170 3035 266 3114 atque
296 3033 417 3116 omnia,
446 3054 526 3116 quae
554 3054 627 3096 cum
656 3032 717 3096 hoc
744 3033 874 3095 nomine
903 3033 1152 3117 coniungantur,
1181 3054 1239 3096 nec
1267 3033 1385 3094 mirum
1413 3032 1475 3096 hoc

168 3129 239 3193 loco
263 3128 449 3212 Apollinem
478 3151 550 3192 eum
578 3130 699 3193 factum
723 3151 791 3193 esse
819 3129 926 3213 deum,
953 3131 1023 3214 „cui
1050 3129 1164 3210 reliqui
1191 3130 1225 3193 δι’
1252 3131 1473 3208 concessissent,

167 3231 202 3290 νῖ
217 3232 344 3309 peractor
367 3233 476 3293 ceteros
499 3225 720 3312 divinaret‘ss).

258 3512 282 3579 1)
302 3508 357 3564 Cic.
377 3509 488 3564 Tuscul.
504 3509 573 3575 147,
585 3514 644 3563 114.
677 3507 805 3577 Exempli
820 3508 913 3578 gratia
928 3508 961 3562 cf.
977 3508 1041 3562 Eur.
1056 3508 1114 3562 Ion.
1129 3527 1153 3563 ν.
1169 3514 1220 3562 407
1231 3526 1280 3575 sq.‚
1300 3507 1348 3561 ubi
1363 3508 1473 3562 Xuthus

170 3591 204 3644 de
224 3589 393 3659 Trophonio,
412 3606 496 3657 quem
515 3592 581 3643 ante
599 3588 759 3658 Apollinem
773 3588 960 3657 consuluerat,
975 3586 1057 3642 dicit:
1077 3588 1127 3642 οὐκ
1142 3585 1240 3657 ἠξίωσε
1253 3597 1302 3642 τοῦ
1321 3592 1392 3642 θεοῦ
1407 3608 1473 3657 τρο-

169 3669 321 3742 ῖαμβύνειν
336 3667 523 3739 μαντεύμαθ’.
551 3669 604 3723 Vel
618 3670 699 3724 Paus.
715 3669 767 3723 VII
781 3675 806 3731 5,
817 3675 842 3737 3,
861 3668 910 3721 ubi
925 3667 1071 3738 Smyrnaei
1086 3686 1156 3737 quos
1174 3668 1334 3722 Alexander
1352 3668 1473 3739 Magnus

168 3750 198 3802 in
217 3751 325 3819 Pagum
344 3753 468 3805 montem
491 3751 638 3804 traducere
661 3766 712 3820 per
733 3749 902 3803 insomnium
921 3767 938 3803 a
956 3748 1124 3803 Nemesibus
1148 3747 1240 3801 iussus
1264 3750 1308 3801 est
1325 3748 1369 3817 (cf.
1390 3767 1474 3818 supra

164 3848 192 3898 p.
209 3836 223 3883 7
243 3830 318 3900 adn.)
337 3830 461 3885 Clarium
480 3831 630 3885 consulunt
643 3829 811 3899 Apollinem,
830 3829 879 3898 qui
899 3829 1057 3884 assent'tur.
1096 3828 1133 3882 Iis
1151 3828 1229 3894 locis,
1249 3827 1351 3895 quibus
1370 3829 1472 3897 Apollo

166 3918 229 3954 curn
260 3902 380 3956 oraculis
406 3919 456 3972 per
484 3919 611 3955 somnum
638 3901 858 3954 vaticinantibus
886 3901 1041 3969 concurrit,
1067 3901 1125 3953 fere
1155 3900 1304 3953 daemones
1334 3899 1380 3952 vel
1405 3900 1472 3954 deos

166 3981 313 4034 ehthonios
333 3982 383 4034 sub
403 3984 573 4051 potestatem
588 3998 667 4035 suam
681 3981 794 4049 redigit,
813 3981 844 4033 id
859 3982 934 4049 quod
949 3980 1131 4050 significatur,
1151 3997 1214 4032 cum
1228 3978 1258 4032 di
1276 3978 1319 4032 illi
1333 3980 1473 4050 Apollinis

167 4060 218 4113 filii
237 4060 424 4116 nominantur.
463 4060 639 4131 Trophonius
658 4060 797 4130 Apollinis
812 4061 898 4117 filius:
917 4062 999 4115 Paus.
1019 4061 1058 4113 IX
1078 4066 1121 4126 37,
1132 4066 1156 4115 5.
1185 4059 1315 4116 Philostr.
1331 4060 1363 4116 V.
1379 4061 1471 4129 Apoll.

165 4141 229 4194 VlII
245 4148 287 4207 19,
296 4159 323 4209 p.
335 4146 395 4208 335,
406 4147 445 4196 12.
457 4142 491 4196 cf.
503 4141 534 4196 Ο.
544 4141 647 4195 Miiller
661 4141 789 4195 Orchom.
800 4159 825 4195 u.
838 4141 863 4196 d.
874 4141 998 4210 Minyer²
1007 4161 1034 4211 p.
1043 4148 1100 4196 143.
1121 4140 1275 4210 Trophonii
1285 4141 1428 4194 oraculum
1439 4158 1472 4194 ex
1557 4167 1560 4173 ·

166 4220 307 4291 Apollinis
318 4220 426 4276 monitu
437 4222 587 4291 detegitur,
606 4223 687 4276 Paus.
698 4221 736 4274 IX
746 4227 789 4287 40,
801 4227 855 4274 12.
868 4220 952 4276 schol.
972 4221 1017 4276 Ar.
1038 4220 1112 4275 Nub.
1127 4227 1178 4275 508
1189 4221 1234 4275 111.
1254 4219 1429 4289 Trophonius
1445 4223 1473 4274 et

165 4301 323 4372 Agamedes
342 4304 456 4371 propter
474 4302 609 4371 templum
624 4300 741 4371 Delphis
760 4300 939 4356 aedificatum
953 4302 998 4372 (cl.
1014 4319 1100 4371 supra
1113 4321 1139 4372 p.
1153 4307 1185 4355 19
1204 4301 1278 4368 adn.)
1297 4299 1472 4354 vaticinandi

167 4385 272 4437 donum
290 4381 440 4451 recipiunt,
460 4381 573 4436 Cosmus
594 4383 630 4436 ad
649 4383 730 4452 Greg.
746 4381 814 4436 Nan.
830 4398 913 4436 carm.
930 4387 964 4435 64
982 4382 1079 4454 Migne
1098 4383 1173 4437 Patr.
1189 4401 1229 4453 gr.
1244 4384 1313 4435 t.·38
1328 4399 1355 4449 p.
1371 4386 1422 4434 513
1438 4408 1471 4426 =

165 4462 349 4534 Spicilegium
372 4463 529 4517 Romanum
548 4463 591 4517 ed.
615 4463 686 4532 Ang.
711 4463 769 4516 Mai
784 4465 803 4516 t.
819 4463 845 4515 Il
858 4480 885 4531 p.
903 4468 962 4517 184.
999 4463 1187 4533 Amphiaraus
1212 4460 1353 4531 Apollinis
1383 4460 1469 4514 filius:

165 4544 268 4614 Hygin.
279 4543 337 4597 fab.
351 4549 400 4596 128
415 4562 441 4613 p.
458 4549 516 4612 111,
527 4549 562 4596 24
576 4542 710 4596 Schmidt.
730 4543 888 4611 „tripodum
898 4559 983 4597 conces
992 4549 1017 4597 et
1024 4545 1090 4611 pius
1099 4543 1168 4597 altis
1178 4543 1306 4596 οῖανιιιιιε
1320 4543 1471 4597 αούιιινιασί
1506 4609 1509 4615 ¹

166 4623 316 4693 (Apollinis
339 4623 435 4691 verba)
462 4624 532 4678 Stat.
553 4623 639 4676 Theb.
660 4622 698 4675 VI
717 4628 814 4690 378sq.
834 4621 923 4684 ἀνιεὶς
945 4621 997 4691 τὴν
1019 4621 1145 4691 κεφαλὴν
1166 4620 1313 4674 Ἀπόλλωνι
1338 4620 1469 4677 Philostr.

169 4704 217 4759 Im.
227 4705 240 4756 Ι
251 4710 284 4758 27
295 4723 322 4775 p.
334 4709 394 4773 332,
406 4710 448 4758 23.
473 4702 567 4758 Croesi
580 4703 654 4756 dona
670 4703 700 4757 in
718 4701 858 4773 Apollinis
874 4702 988 4758 Ismenii
1004 4701 1110 4772 templo
1125 4701 1263 4756 collocata
1281 4700 1382 4756 Herod.
1400 4701 1469 4755 152.
