3294 5190
301 1383 499 1477 Ἐγκώμιον
527 1391 576 1471 είς
604 1385 645 1454 τδι
672 1387 842 1477 θαύματα
870 1397 937 1455 τοῦ
965 1385 1070 1476 ἁγίου
1098 1388 1351 1478 ίερομάρτυρος
1458 1395 1461 1398 ’

720 1505 954 1594 (θεράποντος.

157 1668 173 1722 1
229 1658 345 1739 Πολλή
359 1680 416 1739 μοι
429 1667 497 1721 τῶν
507 1658 616 1738 λόγων
627 1655 676 1740 [‘]
691 1657 886 1738 πανήγυρις,
924 1657 1070 1719 άλλοθεν
1085 1656 1188 1720 άλλον
1206 1659 1496 1741 περιβομβοῦντος

185 1754 246 1837 τήν
269 1753 373 1837 ἀκοήν
396 1754 605 1837 διηγήμασιν,
687 1753 748 1817 οὐκ
771 1751 950 1835 ἀπατηλοῖς
980 1753 1128 1839 ἱστορικῇ
1151 1755 1293 1839 κομῦεία
1319 1754 1379 1819 τὸν
1407 1762 1495 1820 νοῦν

128 1850 149 1867 ““
185 1853 438 1936 παρασύρουσιν
504 1849 587 1932 [ἀλλ’
612 1849 725 1925 αὐτοῖς
740 1841 790 1926 οἷς
812 1851 933 1915 παθὼν
958 1849 1093 1941 ἕκαστος
1108 1848 1140 1928 ἐξ
1155 1847 1276 1915 ἑαυτοῦ
1298 1851 1361 1934 τήν
1378 1854 1495 1917 πίστιν

186 1960 253 2013 τῶν
268 1947 455 2032 λεγομένων
470 1950 535 2032 ἔχει
550 1948 685 2032 λαβών]Ι
706 1950 774 2012 ἐστι
796 1948 858 2034 γάρ
878 1947 959 2032 ήμῐν
978 1948 1019 2012 οὐ
1037 1946 1112 2034 περὶ
1130 1945 1369 2031 νεκρωθέντων
1387 1970 1494 2033 πραγ-

164 2047 300 2132 5μάτων
322 2046 491 2125 ὑπόθεσις,
600 2038 648 2110 ὧν
671 2045 691 2128 ή
714 2048 896 2122 παλαίωσις
920 2044 1074 2124 ἐξουσίαν
1096 2057 1165 2121 τοῖς
1190 2046 1383 2131 ἱστοροῦσιν
1407 2046 1497 2112 ένδί-

187 2145 270 2209 δωσι
338 2150 490 2220 πιθανῶς
513 2148 640 2227 μᾶλλον
662 2142 682 2227 ή
707 2141 842 2225 άληθῶς
860 2144 901 2208 τά
923 2144 987 2226 ήδη
1012 2141 1185 2229 φθαρέντα
1207 2142 1449 2228 προφέρεσθαι.

187 2251 244 2325 τῆς
268 2238 304 2306 δέ
327 2250 391 2307 νῦν
414 2242 494 2326 ήμλν
517 2240 699 2325 ἐξηγήσεως
754 2243 853 2318 ζῶσιν
876 2241 921 2316 ὡς
944 2240 1078 2323 άληθῶς
1101 2238 1156 2304 καλ
1179 2237 1262 2326 ὑπὲρ
1287 2247 1452 2325 αίσθήσιν

187 2348 360 2404 κινοῦνται
382 2341 423 2404 τδι
445 2341 611 2423 θαύματα.
685 2339 869 2421 θαυμάτων
892 2339 954 2424 γάρ
979 2338 999 2422 ή
1021 2347 1173 2424 παροῦσα
1196 2338 1368 2423 ὑπόθεσις,
1447 2333 1498 2405 ὧν

188 2436 298 2502 άπασα
320 2439 411 2521 φυλή
429 2461 464 2502 τε
486 2435 541 2502 καλ
565 2441 708 2520 γλῶσσα,
727 2444 848 2522 μικροῦ
871 2434 927 2500 καλ
949 2438 990 2501 τά
1010 2433 1070 2520 ὑφ’
1097 2436 1194 2518 ήλιον
1216 2435 1325 2501 πάντα
1346 2439 1497 2522 πλήροό-

153 2550 280 2619 1ομενα,
362 2535 403 2601 οῦ
426 2546 537 2619 χεῖρας
560 2538 665 2619 μόνον
688 2533 854 2619 ε’πικροτεῑ
881 2532 936 2598 καλ
965 2536 1068 2617 στόμα
1095 2534 1178 2619 πρὸς
1201 2533 1309 2617 ὕμνον
1332 2532 1497 2620 άνακινεῑ,

189 2635 272 2700 άλλδι
294 2631 349 2697 καλ
368 2636 480 2715 λόγοις
498 2632 583 2718 ήμάς
602 2632 783 2718 ἐγγράφειν
802 2629 1018 2717 προτρέπεται
1086 2629 1140 2695 καλ
1159 2630 1302 2696 τουτωνὶ
1320 2644 1388 2697 τῶν
1407 2640 1496 2698 θαυ-

188 2733 300 2815 μάτων
323 2731 382 2795 τὸν
405 2736 513 2794 αίτιον
594 2728 804 2814 ἐγκωμιάζειν
830 2730 1034 2815 Θεράποντα,
1116 2728 1204 2805 ὅπως
1226 2727 1291 2813 μετ’
1322 2728 1499 2815 ἐγκωμίων

189 2826 240 2892 άελ
259 2829 299 2892 τά
322 2836 382 2892 τοῦ
406 2827 537 2891 δικαίου
560 2830 691 2910 τελῆται
715 2829 920 2911 μνημόσυνα.
1001 2825 1065 2909 ἐγὼ
1089 2823 1126 2891 δέ
1148 2828 1256 2891 καίτοι
1279 2836 1324 2914 τῷ
1349 2825 1497 2912 ἐμαυτοῦ

189 2926 357 2991 συνειδότι
386 2927 598 3008 βαλλόμενος,
689 2925 733 3002 ὡς
761 2924 822 2989 οὐκ
850 2920 978 3010 ἀρκέσω
1006 2923 1190 3002 διεξελθεῖν
1217 2924 1276 2989 τὸν
1304 2926 1406 3007 ὄγκον
1434 2937 1497 2994 τοῦ

155 3054 180 3094 15
191 3023 431 3109 ἐγχειρήματος,
518 3023 574 3087 άτε
597 3025 778 3106 πενόμενος
859 3024 962 3104 λόγον
984 3019 1039 3085 καλ
1062 3020 1220 3107 πράξεως,
1302 3021 1389 3106 ὅμως
1412 3023 1498 3108 ὑφή-

190 3122 307 3197 νιάσας
330 3121 472 3205 ἐμαυτὸν
495 3131 565 3197 τοῖς
587 3123 811 3206 προπίπτονσι
834 3118 973 3202 δέδωκα,
1046 3127 1092 3205 τῷ
1114 3121 1197 3206 θείω
1221 3120 1364 3205 μάρτυρι
1386 3123 1498 3210 τούτῳ

191 3217 418 3302 τεθαρρηκώς,
450 3219 600 3295 δυνατῶς
633 3220 741 3301 ἔχοντι
784 3218 892 3303 ὥσπερ
934 3227 1004 3292 τοῖς
1034 3217 1220 3301 θαύμασιν,
1327 3217 1415 3283 οὕτω
1455 3221 1498 3304 δή

191 3314 333 3392 καὶτοῖς
352 3318 463 3397 λόγοις
485 3316 546 3398 τήν
570 3315 729 3400 εὐπορίαν
752 3316 964 3399 χαρίσασθαι.
1054 3313 1114 3400 οὐχ
1142 3315 1227 3397 ήττω
1258 3317 1321 3398 γὰρ
1348 3324 1406 3400 τής
1435 3326 1498 3382 τοῦ

192 3411 448 3498 εὐφήμουμένου
472 3413 576 3476 δεῖται
600 3413 771 3496 δυνάμεως
861 3411 879 3476 δ
907 3409 975 3476 κατ’
1004 3410 1100 3489 άξίαν
1124 3411 1253 3477 ἐκείνου
1275 3409 1406 3478 πλέκων
1434 3415 1496 3479 τὸν

157 3514 337 3575 ιοέπαινον.

167 3618 184 3672 2
284 3609 315 3672 εί
336 3603 397 3690 μέν
420 3603 482 3672 οὖν
505 3605 618 3693 ἑώρων
642 3609 734 3685 τινὰς
757 3616 797 3692 τή
821 3606 980 3693 ἐπιστήμῃ
1002 3618 1070 3673 τῶν
1093 3606 1218 3686 ἔξωθεν
1240 3610 1428 3693 χαίροντας,

192 3705 235 3789 ἣν
258 3704 377 3771 ἐκείνοι
400 3715 470 3781 τοῖς
494 3703 666 3788 ἐγκωμίοις
689 3702 906 3788 ἐπιτιθέασιν,
979 3701 1069 3788 εἶχον
1092 3706 1133 3771 άν
1156 3704 1211 3770 καλ
1234 3706 1393 3791 πατρίδος
1416 3711 1501 3792 λαμ-

194 3965 282 4046 Βίος
319 3965 356 4032 ἐν
392 3959 559 4053 συντόμῳ
596 3961 655 4028 καὶ
690 3962 811 4055 μερική
846 3965 1043 4053 θαυμάτων
1079 3965 1244 4056 διήγησις
1284 3972 1351 4031 τοῦ
1390 3961 1501 4052 ἁγίου

252 4077 310 4146 καὶ
338 4069 488 4157 ἐνδόξου
517 4078 769 4169 ίερομάρτυρος
800 4080 1026 4169 (θεράποντος
1054 4077 1254 4147 ἐπισκόπου
1282 4077 1449 4169 Κύπρου.

674 4189 872 4285 εὐλόγήσον
900 4195 1015 4285 πάτερ.

100 4374 186 4418 ιιι-ι
280 4343 314 4408 Ὁ
341 4343 434 4426 άγιος
462 4338 559 4421 οὗτος
589 4345 645 4411 καὶ
676 4344 810 4424 ἔνδοξος
843 4346 1037 4433 ίερόμαρτνς
1068 4356 1129 4413 τοῦ
1158 4351 1304 4433 Χριστοῦ
1335 4347 1503 4432 Θεράπων

197 4443 372 4518 ἐπίσκοπος
401 4439 539 4524 γέγονεν
568 4442 605 4508 ἐν
634 4445 775 4529 Κύπρῳ,
805 4442 941 4528 άρχαίος
979 4443 1063 4531 άνήρ
1092 4444 1147 4510 καὶ
1175 4445 1369 4529 θαυμαστὸς
1398 4447 1502 4512 πάνυ.

287 4675 341 4740 1,1
361 4667 457 4726 πολλοί
475 4671 520 4741 ΑΙ
538 4676 571 4724 13
589 4670 706 4724 τελεῖται
723 4669 749 4722 Α

46 4780 139 4840 ι
