3294 5190
628 344 669 399 De
688 343 868 399 incubatione
888 345 1050 400 christiana.
1449 350 1492 413 93

186 504 412 592 erloannes1).
441 506 623 573 Oeconomo
643 509 810 572 adiunctus
830 512 898 573 erat
915 509 1060 573 notarius
1068 506 1103 596 2).
1134 509 1302 574 Praeterea
1321 518 1492 577 occurrunt

185 601 322 669 Ioannes
346 606 501 682 διάκονος
509 603 545 692 ³),
569 606 658 670 cuius
682 605 881 671 domicilium
905 628 977 670 cum
1002 606 1072 690 ipso
1096 607 1217 692 templo
1249 613 1317 672 erat
1345 611 1492 675 coniunc-

184 700 303 789 tum4),
326 700 462 767 loannes
486 704 616 787 quidam
644 713 701 786 της
728 707 908 789 θεραπείας
934 713 994 769 τοῦ
1022 714 1090 769 τῶν
1118 704 1223 787 ἁγίων
1252 709 1492 793 προϊστάμενος

183 802 352 884 μνήματος
375 798 442 888 (40,
457 800 544 864 3576
554 798 616 887 D),
643 798 828 887 θυρωροίὸ)
856 797 1073 890 (67,36530)
1102 802 1153 867 vel
1180 807 1333 889 πυλωροί
1360 802 1416 892 (ib.
1436 804 1490 893 D),

181 896 450 985 daodrclaovocss),
474 899 610 981 denique
634 899 668 963 in
691 898 875 963 universum
905 899 950 962 sic
978 899 1131 985 appellati
1158 908 1204 987 τῷ
1227 910 1291 988 νεςό
1316 903 1490 968 διακονού-

181 1019 276 1079 μενοι
287 993 321 1083 ⁷).
358 995 447 1061 Inter
462 1019 556 1079 quem
570 996 822 1061 ministrantium
841 1019 1010 1061 numerum
1029 997 1115 1061 haud
1134 999 1227 1082 pauci
1247 999 1490 1064 inveniebantur

183 1115 303 1176 eorum,
328 1095 382 1176 qui
407 1095 559 1179 gravibus
583 1094 704 1159 morbis
729 1098 912 1158 sanctorum
936 1118 996 1179 ope
1019 1095 1148 1160 liberati
1171 1096 1232 1161 hoo
1250 1098 1346 1163 modo
1370 1099 1489 1183 gratias

182 1213 255 1255 suas
283 1191 514 1275 persolvenmt.
561 1191 598 1255 Id
629 1193 714 1276 quod
745 1214 817 1255 eum
848 1215 864 1256 e
893 1213 970 1257 voce
998 1199 1202 1279 λειτουργῶν
1234 1193 1337 1260 elucet
1364 1198 1489 1261 muneri

181 1293 328 1373 suscepto
352 1288 501 1378 addita8),
524 1294 594 1354 tum
617 1290 765 1374 pluribus
789 1289 944 1374 exemplis
963 1291 1145 1355 confirmari
1168 1290 1316 1379 potesd).
1352 1292 1490 1359 Notissi-

180 1409 252 1450 mus
276 1385 450 1471 Sophronii
473 1388 673 1471 temporibus
698 1392 765 1452 erat
790 1386 945 1474 Georgius
969 1410 1074 1472 senex,
1098 1390 1153 1473 qui
1177 1391 1344 1475 sexaginta
1366 1396 1487 1476 septem

180 1507 237 1568 per
260 1507 359 1550 annos
391 1487 425 1550 in
452 1507 541 1551 sacro
569 1490 714 1551 versatus
743 1491 811 1551 erat
838 1489 961 1572 χρόνον
984 1489 1059 1552 τινὰ
1088 1497 1149 1553 τοῦ
1176 1498 1261 1554 ναοῦ
1287 1495 1488 1575 θαυμαστῶς

179 1581 385 1667 ἡγησάμενος
412 1582 464 1668 51,
480 1583 567 1648 3613
577 1583 658 1669 Bru.
707 1582 845 1667 Accidit,
875 1590 912 1648 ut
938 1584 1001 1668 ipsi
1029 1585 1132 1649 sancti
1159 1586 1296 1651 retinere
1324 1586 1425 1652 velint
1453 1588 1487 1652 in

180 1702 269 1744 sacro
293 1704 364 1764 suo,
394 1703 487 1764 quem
518 1683 614 1748 modo
643 1683 837 1768 curaverint,
867 1683 912 1748 sie
940 1702 1032 1747 caeco
1061 1681 1175 1748 loanni
1205 1685 1400 1750 subdiacono
1430 1709 1488 1770 per
1586 1709 1589 1715 ’

179 1799 327 1843 somnum
347 1779 473 1844 dicunt:
496 1781 533 1844 τὸ
554 1781 673 1846 λοιπὸν
696 1775 758 1847 οὖν
782 1780 926 1846 ἐνθάδε
945 1790 1012 1845 τῶν
1030 1786 1222 1868 μυστηρίων
1245 1789 1393 1868 Χριστοῦ
1416 1808 1487 1867 μετ·
1542 1810 1544 1816 ·

179 1877 342 1960 ελάμβανε
373 1874 407 1963 (ί.
430 1877 671 1965 μεταλάμβανε)
703 1877 755 1961 37,
770 1877 854 1942 3561
868 1879 906 1944 D.
957 1879 1048 1944 Iusso
1082 1881 1195 1945 effecto
1228 1881 1333 1945 tribus
1374 1867 1486 1946 diebus

177 1978 252 2057 post
275 1979 405 2038 sanatur
427 1973 575 2058 Ioannes,
604 1976 734 2041 domum
758 1999 833 2041 vero
865 1977 941 2041 dum
969 1979 1146 2061 contendit,
1177 1979 1212 2042 in
1238 1979 1353 2044 itinere
1381 1980 1484 2044 denuo

178 2072 348 2136 oculorum
375 2072 551 2138 luminibus
579 2074 732 2158 privatur.
778 2073 936 2140 Reversus
965 2077 1005 2140 ad
1038 2096 1164 2140 sacrum
1192 2074 1380 2159 ἀναβλέψας
1408 2079 1484 2144 δου-

177 2171 266 2236 λεύει
289 2181 359 2248 τοῖς
377 2173 519 2259 μάρτυσι
539 2170 705 2259 (35640);
728 2194 831 2256 neque
854 2177 963 2239 tamen
982 2175 1098 2239 iterum
1117 2175 1245 2258 penitus
1269 2179 1406 2258 curatur,
1429 2176 1485 2241 ἵνα

175 2276 297 2334 τοῦτον
320 2271 414 2335 άλλοι
437 2272 602 2356 θεώμενοι
627 2268 754 2337 ἑαυτῶν
777 2270 1016 2359 ἁσφαλέστεροι
1040 2276 1210 2355 γίγνοιντο
1230 2270 1364 2338 356513.
1397 2272 1485 2338 Inter

176 2365 235 2430 hos
268 2370 447 2451 martyrum
480 2368 612 2433 ‘servos’
644 2368 781 2452 denique
811 2370 1081 2435 commemorandi
1109 2375 1185 2434 sunt
1216 2373 1396 2456 φιλόπονοι
1426 2372 1483 2454 illi,

176 2464 231 2544 qui
255 2487 273 2526 a
297 2465 451 2530 ministris
475 2466 570 2532 modo
594 2467 740 2531 tractatis
762 2489 829 2532 non
851 2467 969 2532 diversi
991 2468 1091 2532 fuisse
1114 2468 1275 2534 videntur:
1307 2474 1397 2533 erant
1419 2470 1483 2553 ipsi

176 2583 303 2644 quoque
327 2585 365 2627 ex
389 2567 593 2648 aegrotorum
618 2565 673 2647 qui
696 2564 924 2631 convaluerant
946 2588 1079 2631 numero
1087 2564 1135 2653 ¹⁰).

264 2668 396 2734 Sacrum
430 2670 510 2734 illud
546 2668 621 2756 Cyri
652 2676 684 2736 et
713 2672 843 2738 Ioannis
876 2695 913 2737 eo
944 2672 1046 2758 magis
1082 2673 1161 2737 adeo
1189 2673 1302 2738 florere
1337 2675 1481 2759 potuisse

174 2766 356 2852 miraberis,
386 2789 459 2833 cum
489 2769 656 2856 intelleges
687 2792 750 2854 qua
780 2771 905 2837 ratione
933 2775 1110 2856 martyrum
1139 2771 1244 2837 cultus
1274 2775 1481 2856 postmodum

264 2965 276 3012 1
324 2960 342 3014 f.
506 3006 511 3017 .
548 3004 553 3016 .

262 2962 290 3110 λδ
308 2966 469 3110 ίλίηῗιδιῗ4δύ
479 2962 710 3112 δὲριστοδάιρον
728 3053 778 3099 τοῦ
801 3054 856 3101 τῶν
875 3043 963 3115 ἁγίων
987 3043 1139 3115 οἰκονόμου
1163 3045 1292 3115 νοτάριος
1316 3052 1358 3116 39,
1370 3049 1478 3101 35‘lssA.

173 3117 336 3188 decreturos
356 3119 370 3174 ἁ
390 3123 573 3194 Χριστοδῶριμ
592 3124 639 3176 καί
662 3131 695 3194 τῇ
719 3132 774 3179 τῶν
798 3122 886 3194 ἁγίων
910 3122 1056 3199 οἰκονομίᾳ
1080 3127 1300 3194 διακονούμενος
1323 3127 1358 3180 de
1381 3127 1480 3181 eodem

171 3198 255 3252 Mena
274 3205 317 3266 40,
332 3205 401 3254 εστι
411 3201 443 3254 D.

262 3273 289 3340 3)
306 3269 441 3326 Ἰωάννου
460 3270 510 3340 μὲν
528 3281 577 3327 τοῦ
597 3272 733 3330 διακόνου
751 3282 800 3329 τοῦ
819 3283 874 3329 τῶν
893 3272 981 3344 ἁγίων
999 3272 1130 3343 τεμένους
1151 3281 1192 3345 11,
1207 3282 1277 3330 3452
1287 3277 1318 3331 B.

260 3352 288 3419 4)
305 3349 453 3420 παρέκειτο
472 3351 525 3424 γὰρ
545 3354 620 3426 αύτῷ
639 3357 686 3425 (ee.
705 3359 743 3427 τῷ
761 3354 879 3424 τεμένει)
902 3355 935 3410 τδ
958 3354 1114 3424 δωμάτιον,
1137 3357 1185 3411 καί
1208 3355 1257 3410 διὰ
1279 3365 1328 3412 τοῦ
1352 3357 1405 3413 νεὼ
1428 3358 1479 3428 τὴν

171 3431 211 3494 είς
229 3426 309 3487 οἶκον
328 3431 439 3488 είσοδον
458 3432 579 3489 ἐποιεῖτο
597 3435 646 3489 καί
666 3434 764 3501 ἔξοδον
782 3435 820 3490 ib.
839 3435 872 3490 D.

260 3516 286 3584 5)
307 3513 435 3569 Calobtes
455 3513 571 3583 quidam
590 3513 695 3569 ianitor
713 3532 731 3570 a
749 3515 920 3584 martyribus
939 3532 989 3586 per
1007 3534 1134 3571 somnum
1157 3516 1331 3588 flagellatur,
1355 3517 1422 3585 quia
1433 3518 1478 3571 ad

172 3591 323 3662 Georgium
342 3597 489 3664 aegrotum
507 3593 648 3649 medicum
667 3595 824 3651 adduxerat
844 3600 886 3664 et,
902 3597 1007 3650 secali.

260 3675 286 3743 6)
304 3676 470 3745 tetracorda
489 3675 526 3738 ὡς
544 3675 733 3740 ἁποδιάκονος
752 3676 783 3732 ἐν
806 3681 843 3750 τῷ
869 3681 958 3748 σεπτῷ
976 3685 1032 3732 τῶν
1050 3675 1139 3748 ἁγίων
1162 3677 1291 3747 οἰκήματι
1312 3684 1354 3746 36,
1364 3684 1433 3732 3549
1444 3680 1476 3733 A.

260 3754 286 3821 7)
305 3752 333 3807 ol
360 3751 420 3809 τότε
452 3760 490 3828 τῷ
518 3761 572 3830 νεῷ
604 3756 821 3827 διακονούμενοι
850 3763 878 3826 1,
898 3763 967 3812 3425
978 3757 1010 3813 D.
1044 3757 1071 3812 οί
1102 3762 1140 3831 τῷ
1176 3763 1229 3831 νεῷ
1262 3759 1478 3828 διακονούμενοι

170 3834 212 3897 οι,
228 3832 337 3885 essen.

258 3913 285 3981 8)
305 3930 328 3966 v.
348 3913 412 3968 adn.
428 3920 452 3969 6.
468 3915 501 3970 ef.
518 3921 560 3988 st,
575 3916 692 3971 8653D:
720 3919 844 3986 πυλωροὶ
864 3961 870 3972 .
887 3961 914 3974 ..
937 3918 986 3972 καί
1005 3917 1032 3973 ol
1057 3917 1108 3988 τὴν
1126 3917 1301 3989 λειτουργίαν
1319 3927 1375 3974 τῶν
1390 3917 1477 3989 ἁγίων

168 3991 339 4060 ποιούμενοι.

258 4075 285 4143 9)
305 4072 422 4128 Ioannes
441 4075 594 4144 Byzantius
615 4076 708 4140 ἰαθεὶς
730 4078 778 4132 καί
802 4073 917 4147 tondete
939 4087 989 4133 τοῦ
1012 4078 1167 4149 νοσήματος
1191 4077 1304 4150 χάριτος
1326 4078 1408 4136 ἕνεκα
1427 4081 1475 4135 διὰ

168 4149 231 4225 βίον
251 4153 393 4209 δουλεύειν
411 4163 470 4217 τοῖς
488 4154 580 4225 ἁγίοις
597 4156 728 4230 ὑπίσχετο
750 4164 791 4227 11,
807 4162 876 4212 3453
885 4158 917 4212 Α.
937 4157 1007 4226 ὑπὲρ
1027 4154 1066 4214 ὧν
1080 4158 1213 4215 ἁπάντων
1228 4161 1397 4231 εὐχαριστῶν
1411 4163 1475 4215 δον-

167 4235 240 4288 λεύει
259 4231 418 4297 σπουδαίως
431 4243 490 4297 τοϊς
504 4237 639 4304 μάρτυσιν
653 4238 826 4309 (Theodorus
842 4237 1041 4309 subdiaconus)
1058 4241 1223 4308 36,3561Α.
1256 4241 1374 4296 Ioannes
1389 4240 1475 4309 Libys

167 4314 257 4384 τυχὼν
275 4322 324 4384 τῆς
342 4315 498 4382 λυτρώσεως
514 4324 571 4371 τῶν
590 4316 748 4373 σεσωκύτων
767 4314 855 4387 ἁγίων
874 4320 976 4373 δοῦλον
995 4317 1096 4375 ἑαυτὸν
1115 4319 1299 4392 ἀπεγράψατο
1311 4365 1315 4376 .
1328 4363 1333 4375 .
1346 4364 1352 4376 .
1367 4322 1415 4375 καί

166 4393 198 4447 τὸ
216 4403 273 4450 τῶν
291 4392 379 4463 ἁγίων
397 4395 549 4464 μαρτύριον
567 4393 675 4470 ᾤκησεν
693 4404 737 4467 40,
752 4399 864 4452 3577Α.
893 4397 1034 4454 Tribunus
1049 4417 1148 4455 caecus
1164 4404 1280 4456 sanatus
1294 4399 1362 4469 παρ’
1380 4402 1475 4464 αύτολς

109 4507 112 4513 -
167 4477 214 4543 (sc.
233 4484 291 4538 τοῖς
305 4473 406 4545 ἁγίοις)
420 4475 469 4530 τὸν
483 4474 629 4532 ἐπίλοιπον
643 4486 693 4533 τοῦ
707 4476 771 4550 βίον
785 4476 888 4548 χρόνον
902 4477 1062 4552 κατῴκησεν
1076 4486 1119 4552 46,
1134 4488 1204 4535 3596
1215 4482 1246 4535 D.
1277 4479 1311 4534 cf.
1327 4497 1342 4535 e
1357 4480 1473 4536 Cosmae

167 4556 196 4607 et
215 4554 345 4610 Damiani
364 4554 515 4624 miraculis,
535 4573 607 4624 quae
627 4557 657 4611 in
676 4557 867 4613 codVindob.
883 4562 1009 4614 exstent:
1030 4561 1124 4625 ἰαθεὶς
1143 4561 1157 4616 ιλ
1177 4560 1249 4631 ἁνὴρ
1269 4560 1376 4630 ἔμεινεν
1395 4560 1473 4632 μέχρι

165 4641 215 4688 τοῦ
233 4633 372 4704 παρόντος
390 4634 507 4706 πλησίον
525 4645 581 4692 τῶν
600 4635 688 4709 ἁγίων
706 4637 757 4707 τὴν
776 4637 885 4709 οίκησιν
904 4639 981 4712 ἔχων.

239 4716 328 4784 10)·ἐξ
348 4717 440 4771 αύτῶν
459 4714 491 4771 δέ
510 4718 562 4772 είσι
579 4726 636 4774 τῶν
655 4718 786 4776 ἀσθενῶν
805 4719 832 4775 ol
850 4719 1003 4792 δυνάμενοι
1022 4728 1065 4793 bb,
1081 4721 1187 4778 35440.
