3294 5190
222 335 242 398 6
799 332 889 401 Caput
907 333 928 386 I.

221 496 350 579 nebant,
373 496 449 579 quia
472 496 568 559 certis
591 495 708 559 ritibus
732 498 828 578 atque
851 493 1086 581 caerimoniis1)
1111 495 1231 559 effectis
1250 495 1421 578 animoque
1447 495 1528 558 bene

221 598 410 678 praeparato
430 597 526 676 atque
554 614 685 678 prorsus
708 592 742 655 in
765 613 816 655 res
837 591 962 654 divinas
985 613 1138 656 converso
1164 591 1435 655 verisimillimum
1459 597 1528 655 erat

222 691 314 755 illum
337 714 395 775 per
418 691 579 755 somnium
603 690 825 773 appariturum
849 710 918 752 esse
942 689 1050 772 deum,
1073 689 1107 752 in
1131 689 1222 753 cuius
1246 689 1366 772 templo
1398 689 1528 753 incuba-

221 790 308 853 bant.
340 789 410 872 Dei,
434 810 571 872 quorum
590 788 623 850 in
647 787 745 851 sacris
764 787 833 851 fieri
858 786 982 850 solebat
1002 786 1174 870 incubati0,
1203 790 1293 850 erant
1320 786 1467 850 chthonii
1486 827 1527 834 -

223 886 350 970 heroes,
381 907 454 949 cum
477 889 563 949 terra
591 885 723 968 eiusque
745 885 908 969 potentiae
932 885 1056 948 somnia
1081 883 1267 948 hominibus
1296 885 1441 948 emittere
1465 908 1529 948 cre-

223 979 414 1069 serenent,
438 1004 500 1065 qua
524 982 562 1045 de
585 1003 680 1046 causa
702 981 851 1045 videlicet
874 982 935 1065 ipsi
954 986 1056 1046 terrae
1080 981 1265 1045 incubatum
1290 986 1346 1046 est.
1384 982 1445 1058 Qui
1469 983 1529 1065 dei,

224 1102 296 1144 cum
319 1080 450 1164 propria
473 1079 513 1143 iis
538 1082 621 1144 esset
643 1079 692 1143 vis
716 1079 872 1163 medendi,
896 1079 1054 1163 imprimis
1079 1079 1117 1142 de
1138 1079 1260 1144 morbis
1285 1081 1432 1144 curandis
1456 1103 1529 1144 con-

224 1177 425 1262 sulebantur,
455 1181 492 1241 ut
518 1199 575 1261 per
611 1199 759 1241 somnum
794 1177 934 1241 remedia
967 1178 1157 1263 indicarent3
1188 1199 1268 1261 quae
1297 1199 1348 1241 res
1386 1179 1463 1260 quid
1495 1180 1528 1241 in

223 1273 408 1359 Aesculapii
432 1275 562 1358 templis
585 1275 723 1338 valuerit
746 1276 867 1338 nemini
890 1297 956 1338 non
979 1278 1113 1339 constat.

312 1372 520 1458 significatur
552 1372 715 1436 incubatio
744 1373 850 1437 verbis
879 1372 1112 1456 ἐγκαθεύδειν,
1136 1372 1367 1458 ἐγκοιμᾶσθαι,
1395 1374 1529 1456 ἐγκατα-

224 1476 419 1555 κοιμιλσθαι,
448 1470 785 1554 ἐπικατακοιμᾶσθαι,
818 1469 1078 1554 έγκοιτάζεσθαι,
1112 1470 1369 1555 έγκοιμίζεσθαι,
1397 1471 1530 1554 ἐγκατα-

225 1575 367 1652 κεῑσθαι,
390 1567 696 1651 ἐγκατακλίνεσθαι,
718 1571 973 1633 κατακλίνεσθαι
981 1566 1021 1654 3);
1043 1568 1143 1632 latine
1167 1590 1291 1651 semper
1314 1567 1497 1633 ‘incubare'.

225 1816 342 1884 ω’γωιωα
357 1815 458 1868 Wilten
471 1815 660 1882 berbeifrtbren
674 1831 709 1868 κν
723 1815 839 1881 konnen,
851 1815 924 1881 fond
937 1814 1009 1868 aeine
1024 1813 1224 1884 Besriedtpunp
1237 1815 1268 1867 ιἰι
1281 1815 1334 1868 dea
1347 1822 1530 1885 εογωιακκιειι

225 1895 544 1949 Ικοιιίιαίίοιιεονωίιείκ.“

315 1985 341 2053 1)
359 1983 401 2038 Dc
420 1983 522 2052 quibus
541 2002 565 2038 v.
586 2001 646 2053 cap.
661 1984 694 2038 Π.

319 2065 346 2132 2)
365 2062 482 2117 Hecuba
500 2066 605 2117 terram
625 2063 756 2118 advocat:
776 2056 913 2117 ὦπότνια
932 2061 1029 2128 Χθὼν,
1048 2063 1293 2132 μελανοπτερύγων
1312 2072 1395 2133 μῆτερ
1414 2064 1532 2133 ὀνείρων

224 2143 288 2197 Eur.
303 2142 368 2196 Hec.
386 2148 467 2211 70sq.
495 2143 537 2198 De
552 2143 616 2197 Eur.
631 2143 691 2213 Iph.
711 2143 795 2196 Taur.
811 2147 945 2209 ltttsqq.
960 2159 984 2194 v.
1000 2156 1059 2210 cap.
1076 2141 1121 2194 ΠΙ.
1134 2141 1168 2196 cf.
1178 2142 1270 2197 Laert.
1282 2143 1362 2214 Diog.
1372 2145 1436 2198 VIII
1447 2152 1472 2212 1,
1482 2152 1529 2200 32:

225 2217 299 2277 είναί
317 2241 346 2276 τε
370 2221 464 2278 πάντα
487 2224 537 2278 τὸν
560 2220 630 2290 άέρα
654 2231 753 2294 ψυχῶν
777 2221 910 2290 ἔμπλεων·
935 2221 983 2274 καί
1005 2221 1109 2284 ταάτας
1132 2219 1269 2291 δαίμονάς
1293 2243 1323 2277 τε
1348 2225 1395 2278 καί
1420 2225 1531 2294 ἥρωας

225 2300 427 2370 ὀνομάζεσθαι·
447 2304 495 2357 καὶ
513 2302 568 2357 ὑπὸ
586 2303 693 2357 τούτων
707 2299 866 2370 πέμπεσθαι
885 2300 1050 2368 ἀνθρώποις
1073 2302 1138 2364 τούς
1160 2300 1185 2356 τ’
1207 2300 1334 2371 ὀνείρους
1356 2304 1404 2359 καί
1426 2304 1461 2358 τά
1484 2324 1531 2374 ση-

229 2390 292 2450 μεῖα
311 2380 395 2437 νόσον
414 2402 443 2436 τε
461 2385 509 2437 καὶ
527 2380 642 2453 ὑγιείας.
662 2415 696 2422 -
716 2382 799 2436 Haud
818 2397 896 2434 secus
912 2379 1096 2434 iudicandum
1115 2398 1176 2436 esse
1190 2382 1301 2436 videtur
1316 2384 1351 2437 de
1365 2400 1531 2453 necyoman-

226 2461 288 2531 teis‚
308 2461 411 2530 quibus
430 2463 545 2531 quidem
563 2479 613 2532 per
631 2479 759 2517 somnum
782 2460 897 2515 oracula
919 2461 1069 2530 petebant,
1093 2462 1170 2516 volut
1194 2463 1270 2531 apud
1293 2462 1434 2517 Plutarch.
1454 2482 1527 2519 cons,

226 2542 263 2594 sd
281 2541 372 2611 Apoll.
385 2548 418 2595 14
437 2561 463 2612 p.
481 2548 531 2597 109
543 2543 575 2598 C:
596 2539 752 2611 ἀφικέσθαι
772 2538 818 2595 ἐπί
831 2561 858 2595 τι
872 2550 1089 2612 ψυχομαντεῖον,
1108 2540 1326 2610 προθυσάμενον
1345 2540 1373 2596 δ’
1396 2544 1432 2604 ὡς
1446 2541 1531 2611 νόμος

227 2615 459 2691 ἐγκοιμᾶσθαι
478 2624 526 2677 καί
545 2623 635 2676 ἰδεῖν
654 2621 736 2692 ὄψιν
753 2621 867 2676 τοιάνδε
886 2624 940 2676 κτλ.
978 2619 1117 2674 Attendas
1136 2621 1166 2674 in
1184 2621 1234 2675 illo
1253 2622 1328 2690 quod
1347 2624 1532 2693 χρηματισμὸς

226 2703 342 2755 vocatur
360 2702 530 2757 somniorum
548 2718 651 2771 genere
670 2701 835 2772 explicando
853 2701 928 2755 inter
945 2716 1078 2770 personas
1103 2703 1270 2769 apparentes
1288 2704 1420 2770 patrem
1443 2702 1531 2756 nomi-

226 2784 326 2835 natum
344 2798 412 2836 esse.
451 2781 576 2847 Quocum
594 2781 719 2836 conferre
737 2780 813 2850 licet,
832 2781 907 2849 quod
925 2781 999 2834 Max.
1018 2780 1082 2848 Tyr.
1102 2780 1136 2833 de
1159 2784 1360 2849 necyomanteo
1378 2781 1409 2834 in
1427 2783 1532 2852 Magna

227 2861 346 2915 Graecia
365 2862 441 2931 apud
459 2863 552 2916 lacum
570 2862 710 2916 Avernum
729 2861 784 2915 sito
808 2860 895 2915 refert
913 2859 989 2930 (diss
1007 2866 1049 2925 14,
1064 2862 1104 2929 2):
1129 2858 1255 2914 ἐνταῦθα
1278 2861 1293 2914 ὁ
1316 2859 1447 2930 δεόμενος
1466 2862 1532 2931 ἀφι-

227 2939 357 3010 κόμενος,
376 2941 540 3011 εὐξάμενος,
564 2941 684 3009 ἐντεμὼν
703 2940 824 3011 σφάγια,
846 2938 980 3012 χεάμενος
1003 2937 1084 3009 χοάς,
1107 2939 1266 2994 ἀνεκαλεῖτο
1290 2941 1384 3011 ψυχὴν
1407 2940 1473 2996 ὅτου
1497 2943 1532 3011 δὴ

227 3030 282 3075 τῶν
300 3019 455 3090 πατέρων
479 3020 496 3090 ἢ
522 3018 619 3091 φίλων.
656 3021 729 3074 Plut.
746 3021 763 3075 l.
779 3037 802 3075 c.
818 3019 858 3074 sic
876 3019 981 3090 pergit=
1001 3017 1082 3084 δόξαι
1104 3017 1316 3090 παραγενέσθαι
1338 3021 1387 3077 τὸν
1405 3021 1533 3090 πατέρα

228 3101 278 3156 τὸν
301 3100 410 3156 ἑαυτοῦ.
452 3100 635 3154 Memorabile
663 3102 739 3169 quod
767 3100 871 3171 legitur
896 3100 926 3153 in
956 3098 1060 3168 Cyrillo
1091 3102 1190 3154 contra
1212 3098 1352 3154 Iulianum
1379 3107 1411 3156 10
1438 3103 1533 3173 Migne

228 3181 333 3235 Patrol.
359 3181 404 3236 Gr.
425 3183 445 3235 t.
467 3187 500 3235 76
523 3199 550 3250 p.
567 3181 679 3237 10240:
699 3180 750 3245 τάς
766 3181 830 3250 περί
848 3189 904 3235 τῶν
928 3180 1091 3234 τεθνεώτων
1117 3179 1228 3248 ὁράσεις
1246 3181 1344 3249 αἰτεῖν,
1368 3181 1472 3252 ἤγουν
1494 3184 1534 3237 τὰ

231 3262 385 3317 ἐνύπνια.
423 3262 496 3316 Sane
515 3264 639 3316 mortuos
659 3262 733 3315 sicut
752 3262 817 3315 deos
837 3260 985 3314 chthonios
1003 3275 1054 3328 per
1068 3277 1196 3314 somnum
1214 3261 1363 3315 vaticinari
1375 3280 1433 3316 non
1451 3263 1534 3316 mira-

228 3340 314 3406 bitur,
333 3341 383 3409 qui
402 3341 481 3407 sciat,
501 3358 586 3409 quam
606 3344 667 3395 arte
685 3341 759 3396 inter
774 3341 916 3394 seherum
932 3339 1044 3393 illorum
1059 3339 1151 3393 cultus
1166 3340 1323 3395 cohaereat.
1339 3342 1372 3395 cf.
1387 3344 1534 3410 praeterea

229 3420 412 3490 Schoemann,
432 3420 541 3475 Griech.
561 3421 662 3476 Altert.
681 3421 721 3473 II³
733 3439 760 3490 p.
776 3426 835 3475 341.
872 3420 980 3486 Bohde‚
998 3418 1124 3487 Psyche²
1137 3420 1150 3472 Ι
1165 3425 1206 3488 at,
1219 3427 1242 3474 1.

320 3512 347 3579 3)
365 3509 498 3564 Nondum
524 3510 613 3564 audeo
641 3509 751 3564 adicere
782 3506 855 3562 illud
885 3507 1085 3578 ἐγκατοχήσας,
1115 3508 1191 3575 quod
1216 3507 1246 3560 in
1271 3525 1328 3562 una
1352 3508 1534 3578 inscriptione

232 3589 385 3658 Smyrnaea
395 3589 628 3660 (0.I.G.H3163)
641 3589 796 3658 invenitur3
812 3589 846 3643 de
860 3604 916 3657 quo
931 3586 1023 3640 adhuc
1041 3586 1156 3641 incertis
1178 3586 1261 3642 nobis
1279 3588 1452 3642 haerendum
1474 3607 1534 3644 esse

229 3668 349 3737 videtur,
368 3685 540 3738 quamquam
559 3670 617 3724 iam
631 3668 790 3724 Boeckhius
805 3667 951 3723 adnotant
966 3665 1137 3737 ‘tyuuroxstv
1152 3670 1195 3722 est
1208 3667 1362 3722 incubarc'.
1391 3669 1535 3739 Leguntur

229 3749 248 3804 l.
264 3766 286 3802 c.
305 3749 388 3804 haec:
408 3747 549 3812 Παπίνιος
567 3751 582 3804 ὁ
602 3747 764 3818 φιλόσοφος,
783 3747 969 3819 ἐγκατοχήσας
986 3753 1023 3820 τῷ
1042 3747 1128 3820 κυρίῳ
1143 3747 1288 3815 Σαράπιδι
1306 3748 1384 3817 παρά
1402 3760 1463 3812 ταῖς
1478 3754 1534 3804 Νε-

230 3826 348 3898 μέσεσιν,
367 3827 516 3898 εὐξάμενος
535 3829 654 3899 αὐξῆσαι
672 3829 704 3883 τὸ
724 3825 878 3897 Νεμέοειον
895 3827 945 3881 τὸν
963 3824 1186 3898 παρατεθέντ[α]
1205 3822 1284 3881 οίκον
1302 3837 1363 3890 ταῖς
1383 3827 1535 3897 Νεμέσεσιν

231 3907 395 3978 άνιέρωσεν,
415 3910 452 3973 ὡς
476 3906 549 3965 εἶναι
573 3910 603 3965 ἐν
627 3910 692 3982 ἱερῷ
709 3919 764 3964 τῶν
788 3917 891 3976 κυριῶν
916 3905 1063 3976 Νεμέσεων
1085 3907 1117 3961 τὸ
1141 3904 1213 3960 ὅλον.
1252 3905 1314 3971 Qua
1336 3908 1371 3961 de
1394 3924 1423 3962 re
1446 3927 1535 3978 nuper

231 3988 291 4059 egit
313 3989 441 4044 Erwinus
460 3990 619 4044 Preuschen
641 3989 672 4043 in
696 3988 793 4044 libello
819 3987 868 4057 qui
895 3986 1058 4041 inscribitur
1080 3987 1245 4041 Mbnchtum
1271 3987 1330 4040 und
1358 3987 1535 4058 Sarapiskult

231 4069 453 4138 (Jahresbericht
478 4071 526 4124 des
555 4068 744 4138 Grosshrzogl.
771 4065 1217 4137 Ludw.-Georgs-Gymnasinms
1251 4066 1415 4122 Darmstadt
1447 4074 1533 4138 1899).

231 4147 356 4203 Maxima
374 4164 441 4202 sane
461 4166 524 4203 cnm
542 4147 744 4218 probabilitate
762 4164 858 4202 vocem
884 4146 1070 4218 ἐγκατοχήσας
1096 4163 1159 4199 cum
1182 4145 1295 4200 illorum
1317 4147 1462 4201 hominum
1486 4166 1535 4202 no-

230 4227 306 4282 minc
325 4227 480 4298 coniungit,
495 4228 544 4296 qui
558 4228 588 4282 in
608 4227 730 4297 Sarapeo
745 4227 927 4296 Memphitico
941 4226 1119 4294 habitabant,
1135 4242 1172 4280 sc.
1188 4225 1315 4297 κάτοχοι,
1334 4230 1429 4282 tamen
1443 4228 1535 4283 facere

231 4325 288 4362 non
305 4325 420 4377 possum
438 4307 507 4375 quin
522 4307 659 4376 dubitem,
679 4324 716 4362 an
734 4308 786 4361 sub
805 4306 841 4360 iis
855 4307 975 4362 societas
994 4306 1032 4360 sit
1045 4304 1246 4375 intellegenda,
1266 4323 1338 4374 quae
1358 4310 1423 4361 ante
1442 4309 1536 4362 omnia

231 4386 286 4441 sibi
304 4387 480 4457 propositum
496 4387 630 4442 habuerit
646 4387 781 4442 incubare
795 4391 830 4457 (v.
840 4406 866 4456 p.
883 4393 928 4443 λοι
948 4389 1017 4453 „dns
1030 4388 1097 4442 oben
1115 4388 1253 4441 ermittette
1263 4388 1379 4442 Institor
1392 4389 1441 4443 der
1456 4389 1537 4444 Gildo

231 4484 285 4523 υοκ
293 4469 597 4538 γτοέωείοκεκιᾶίοίγακ
610 4469 819 4536 Incubanteu‘b.
838 4467 925 4522 Putat
938 4466 1014 4521 enim
1027 4466 1070 4521 Pr.
1090 4482 1157 4520 voce
1180 4465 1294 4537 κάτοχοι
1308 4467 1435 4522 homines
1450 4468 1536 4538 signi-

232 4547 310 4602 ficari
328 4564 388 4618 per
405 4546 665 4603 lucubationem
684 4565 702 4602 a
720 4548 772 4602 deo
793 4548 976 4616 ‘occupatos’,
995 4546 1092 4615 itaque
1111 4545 1142 4599 in
1159 4563 1226 4601 voce
1245 4546 1431 4618 ἐγκατοχήσας
1448 4549 1537 4617 expli-

232 4627 325 4683 cando
341 4645 406 4683 cum
423 4627 566 4684 Boeckhio
585 4628 723 4698 congruit.
760 4627 840 4681 Acris
860 4630 925 4680 sunt
943 4626 1051 4697 ingenii
1069 4643 1196 4680 necnon
1216 4626 1358 4691 adrident,
1383 4645 1454 4696 quae
1473 4646 1537 4697 pro-

231 4706 302 4767 urit
318 4706 368 4767 ,rit
391 4706 571 4767 tondeamus
595 4724 686 4778 neque
712 4724 777 4764 vero
804 4706 995 4764 dubitationes
1026 4708 1139 4775 desunt,
1163 4706 1198 4761 de
1223 4705 1325 4774 quibus
1352 4707 1453 4778 longus
1476 4708 1538 4764 fieri
