3294 5190
668 334 709 388 De
728 332 844 388 somniis
864 333 974 388 divinis.
1455 333 1477 397 5

169 498 304 586 vigilare
328 498 391 563 sibi
414 498 577 563 videretur
600 498 627 562 is
656 497 711 580 qui
740 495 954 583 somniavit1).
1002 495 1072 573 Quo
1101 496 1242 580 pertinet
1270 495 1351 561 illud
1379 494 1478 580 ἢκαλ

169 602 337 674 παντελῶς
365 595 597 681 ἐγρηγορότων
627 593 810 679 Iamblichi3
838 595 876 658 cf.
904 591 1127 659 Aristid..t.H
1146 616 1176 677 p.
1193 593 1299 678 3122
1317 593 1404 658 Keil:
1434 595 1478 671 ὡς

168 695 257 780 ύπαρ
267 696 303 760 τὸ
315 697 397 780 ὄναρ
408 704 542 759 σκοπῶν
552 691 600 759 ἐνί
616 693 767 778 ἐμαυτοῦ.
797 691 919 770 Quodsi
933 689 1146 775 Aesculapius
1161 691 1195 755 in
1210 713 1324 756 somno
1339 688 1478 756 Aristidi

170 792 249 857 dicit
268 801 372 857 ταῦτα
386 787 424 856 δέ
437 785 524 856 εἶναι
539 790 600 855 οὐκ
618 792 716 874 ὄναρ,
731 789 801 856 ἀλλ’
820 790 921 875 ύπαρ,
940 795 1090 855 εἴσεσθαι
1107 785 1144 854 di
1158 787 1213 853 καὶ
1228 789 1332 853 αὐτόν
1346 787 1391 875 (p.
1403 788 1478 875 398,

169 890 211 954 28
226 887 290 976 Κ),
309 890 398 975 ὄπαρ
418 888 599 974 significare
618 887 746 953 videtur
765 888 926 952 somnium
945 909 1065 970 verum,
1088 886 1139 951 cui
1161 886 1368 971 respondebit
1387 909 1477 953 even-

168 991 229 1053 tus.
268 987 392 1065 Quibus
415 1010 434 1051 a
458 987 591 1051 somniis
609 980 696 1050 haud
714 986 761 1050 ita
779 986 918 1051 multum
938 985 1091 1050 differunt
1107 985 1248 1050 visiones
1267 984 1479 1071 vigilantibus

168 1085 356 1151 hominibus
380 1084 506 1149 oblatae
530 1081 618 1170 (nam
641 1083 693 1148 his
716 1085 751 1148 in
774 1084 870 1148 rebus
893 1084 973 1147 fines
998 1082 1124 1147 definiri
1147 1105 1212 1147 non
1230 1080 1395 1169 possunt),
1419 1083 1478 1147 ita-

170 1206 232 1268 que
255 1182 429 1248 asseverari
456 1183 602 1247 videmus
630 1204 696 1246 non
723 1184 807 1267 ὄναρ
835 1180 959 1265 aliquid
986 1181 1107 1246 factum
1131 1202 1213 1265 esse,
1242 1180 1298 1245 sed
1325 1179 1424 1266 ὄπαρ.
1448 1205 1477 1247 v.

168 1282 251 1345 Max.
267 1280 340 1364 Tyr.
360 1281 433 1345 dise.
452 1279 523 1364 XV,
539 1279 556 1342 7
578 1283 670 1344 extr:
690 1275 782 1345 εἶδον
799 1277 931 1344 καὶτὸν
945 1277 1153 1363 Ἀσκληπιόν,
1171 1276 1241 1343 ἀλλ’
1270 1275 1358 1361 οὐχὶ
1382 1279 1477 1364 ὄναρ

171 1377 273 1464 εἷόον,
297 1380 338 1463 νὴ
361 1380 420 1444 τὸν
439 1376 613 1463 Ἡρακλέα,
636 1376 715 1443 ἀλλ’
743 1378 853 1463 ὄπαρ.
891 1377 930 1441 cf.
953 1376 1070 1441 Kaibel
1092 1375 1153 1461 Ep.
1174 1375 1227 1441 Gr.
1247 1376 1322 1460 802,
1336 1373 1410 1458 5sq.
1439 1376 1477 1440 de

171 1478 270 1542 Pane:
294 1476 521 1561 ύνα[φ]ανὸὸν
544 1473 722 1559 έπέστης,Ι
748 1476 817 1541 οὐκ
840 1477 952 1560 ὄναρ,
980 1473 1063 1540 ἀλλὰ
1090 1473 1212 1559 μέσους
1237 1475 1362 1558 ἤματος
1391 1471 1477 1558 ἀμφὶ

170 1572 353 1661 ὃρόμουςλ)

256 1671 344 1737 Inter
368 1670 567 1737 somniorum
590 1693 708 1757 genera
731 1694 829 1757 supra
852 1674 1102 1736 commemorata
1124 1669 1206 1734 illud
1224 1669 1354 1753 quidem
1377 1669 1477 1734 maxi-

167 1794 253 1835 mam
272 1769 426 1835 nimirum
445 1769 531 1854 apud
545 1770 696 1854 antiquos
720 1770 893 1834 exhibebat
915 1769 995 1854 vim,
1023 1769 1057 1833 in
1081 1791 1145 1853 quo
1169 1767 1296 1851 aliquae
1319 1790 1476 1853 personae

168 1868 260 1953 quasi
284 1866 439 1932 divinitus
463 1867 581 1932 missae
604 1867 656 1933 vel
678 1867 741 1951 ipsi
765 1869 797 1933 di
820 1868 1031 1954 apparebant,
1054 1871 1091 1931 ut
1113 1866 1223 1931 futura
1246 1866 1475 1950 praedicerent.

166 1965 238 2030 Hoc
271 1969 320 2030 est
352 1965 439 2050 quod
475 1965 660 2030 nominatur
691 1968 914 2052 χρηματισμὸς
939 1965 1006 2031 sive
1039 1961 1241 2050 ‘oraculum’3
1274 1987 1302 2028 v.
1331 1963 1472 2029 Macrob.

168 2062 199 2128 S.
215 2062 246 2128 S.
261 2063 281 2128 l.
297 2085 334 2129 c:
364 2068 411 2149 „el
440 2068 485 2128 est
510 2063 670 2129 ονυικλιινι
697 2066 832 2147 paidom,
861 2085 930 2130 cum
957 2065 993 2128 ι’νι
1019 2063 1137 2128 somate
1161 2082 1302 2145 porcas
1333 2062 1380 2127 cel
1408 2061 1477 2128 olio

166 2165 299 2226 sarecto
318 2162 492 2244 praeisse
508 2181 674 2243 persono
696 2182 749 2228 sec
771 2164 942 2228 sacerdos
969 2162 1015 2226 ecl
1037 2161 1132 2226 ελλιινι
1155 2162 1242 2226 deus
1265 2165 1368 2243 operte
1390 2181 1476 2226 σνῶν

99 2286 104 2293 ·
168 2263 273 2322 larum
295 2259 373 2340 qaid
394 2263 451 2323 adt
471 2279 535 2323 νυνι
564 2264 755 2344 eventuram,
780 2261 994 2343 faciendam
1021 2259 1259 2323 vitandumve
1286 2256 1476 2323 monriotf‘

170 2353 223 2442 (cf.
245 2377 342 2440 supra
359 2379 390 2440 p.
406 2352 450 2442 3.)
501 2354 546 2419 Et
574 2356 660 2439 apud
686 2355 908 2441 Nicephorum
937 2355 1114 2440 Gregoram
1136 2355 1157 2418 l.
1177 2376 1201 2419 e.
1220 2378 1250 2440 p.
1266 2354 1376 2420 60813:
1399 2379 1476 2440 χρη-

166 2455 328 2539 ματισμὸς
351 2452 391 2519 δέ
411 2452 511 2536 έστιν,
535 2453 616 2519 ὅταν
638 2453 658 2538 ἢ
682 2454 891 2545 ὄγγελοςό)
920 2456 1049 2540 ἱερεὺς
1077 2451 1097 2536 ἢ
1124 2454 1262 2537 πατηρ,
1290 2453 1311 2534 ἥ
1339 2475 1372 2516 τι
1399 2464 1476 2518 τῶν

168 2554 388 2636 σεμνότητα
416 2550 587 2635 έχόντων
614 2549 779 2640 προσώπῳ
806 2548 935 2618 &sedin
962 2550 1211 2636 προσαγορεύη,
1237 2561 1305 2614 τῶν
1332 2548 1408 2634 μέν,
1431 2551 1476 2627 ῶς

168 2651 331 2716 κίνδυνον
354 2646 409 2713 καὶ
438 2650 548 2732 λύπην
576 2647 745 2736 ἐπιφέρειν
772 2653 977 2734 μελλόντων,
1001 2647 1231 2732 ἀπέχεσθαι,
1259 2657 1326 2711 τῶν
1355 2645 1407 2730 δέ,
1432 2648 1476 2725 ῶς

166 2747 290 2833 χρηστὰ
321 2749 467 2831 κομίζειν
498 2750 702 2831 μελλόντων,
734 2747 1041 2814 ἀντιποιεῖσθαι.
1088 2744 1188 2810 Vides
1217 2767 1256 2809 ex
1284 2743 1349 2829 his,
1377 2768 1474 2829 quam

166 2848 234 2909 arte
258 2844 458 2929 cohaereant,
481 2867 563 2928 quae
585 2845 671 2929 apud
694 2844 895 2910 Macrobium
924 2847 955 2909 et
983 2842 1159 2928 Gregoram
1187 2842 1372 2927 traduntur3
1396 2843 1474 2909 deus

167 2942 369 3007 ethnicorum
392 2942 478 3027 apud
501 2941 691 3026 scriptorem
715 2942 926 3007 christianum
950 2942 983 3006 in
1007 2941 1158 3026 angelum
1181 2944 1325 3006 mutatus
1350 2945 1407 3006 est.

255 3038 369 3122 Itaque
392 3060 464 3103 cum
489 3039 539 3104 dei
562 3063 619 3124 per
643 3062 793 3105 somnum
815 3043 1005 3125 apparentes
1029 3040 1138 3105 futura
1165 3044 1298 3124 possent
1325 3039 1475 3126 indicare,

166 3158 232 3200 non
250 3136 378 3220 mirum,
398 3137 484 3220 quod
502 3136 581 3201 talia
600 3138 733 3222 somnia,
752 3141 788 3201 ut
807 3138 935 3222 quando
955 3136 1027 3221 quis
1046 3136 1143 3200 vellet
1163 3136 1226 3201 sibi
1242 3141 1473 3223 compararent,

167 3233 341 3298 studebant
361 3234 498 3319 efficere3
517 3234 607 3317 atqui
625 3256 690 3298 non
709 3237 836 3299 tantum
851 3233 979 3298 oracula
997 3233 1059 3297 hoc
1077 3233 1172 3298 modo
1193 3233 1255 3297 sibi
1275 3234 1476 3317 expetebant,

167 3331 223 3396 sed
258 3331 388 3396 omnino
419 3354 491 3396 cum
520 3332 569 3396 dis
597 3331 748 3417 congredi
777 3354 951 3416 eorumque
979 3331 1114 3397 consilio
1142 3331 1191 3395 uti
1219 3330 1378 3396 volebant.
1422 3331 1476 3396 Sic

167 3433 279 3495 exorta
302 3433 352 3495 est
374 3428 584 3517 incubatio³):
608 3429 642 3494 in
666 3431 798 3495 deorum
821 3430 952 3515 templis
976 3430 1017 3494 ad
1040 3429 1263 3495 dormiendum
1285 3451 1318 3494 se
1336 3432 1476 3513 proster-

256 3679 282 3743 1)
301 3677 478 3733 Contrarium
497 3677 602 3733 accidit
620 3677 681 3732 Act.
702 3678 820 3748 apostol.
836 3677 887 3730 XII
901 3683 930 3744 9,
954 3676 1003 3731 ubi
1022 3677 1057 3729 de
1081 3675 1165 3730 Petro
1189 3675 1323 3745 angelum
1341 3678 1475 3744 sequente

166 3757 270 3811 dicitur
287 3758 352 3814 hoc:
372 3759 420 3813 καλ
439 3759 490 3813 ούκ
509 3755 580 3831 ᾔδει,
599 3756 642 3813 ὄτι
661 3755 766 3828 ἀληθές
785 3757 907 3812 ἐστιντὸ
927 3755 1076 3828 γινόμενον
1095 3755 1144 3810 διὰ
1163 3764 1212 3810 τοῦ
1231 3753 1362 3827 ἀγγέλου·
1383 3754 1475 3810 ἐδόκει

166 3835 220 3906 γὰρ
240 3835 331 3906 ὄραμα
351 3836 469 3910 βλέπειν.

256 3918 283 3985 2)
302 3917 371 3971 Cum
389 3917 528 3972 Antiocho
548 3919 674 3988 sophista
697 3918 778 3989 vigili
801 3918 1015 3988 colloquebatur
1036 3914 1221 3986 Aesculapius
1245 3915 1331 3986 Aegis
1350 3915 1475 3984 Ciliciae,

166 3995 345 4050 Philostrv.
363 3996 660 4067 Soph.114p.7s,1a
679 3999 763 4068 Kays.
784 3997 868 4068 (Lips.
890 4000 978 4068 1871.)
1003 3997 1037 4051 cf.
1057 3997 1123 4050 Luc.
1142 3996 1324 4066 Philopseud.
1339 4001 1386 4051 38:
1406 3995 1424 4050 ἃ
1443 3995 1475 4050 δὲ

168 4075 199 4129 έν
218 4072 383 4144 Ἀμφιλόχου
405 4095 434 4130 τε
457 4075 564 4143 ἥκουσα
591 4077 622 4133 έν
650 4081 767 4146 Μαλλῶ,
794 4087 844 4133 τοῦ
863 4075 973 4146 Ἥρωος
1000 4075 1088 4145 ὄπαρ
1117 4073 1316 4147 διαλεχθέντος
1343 4096 1390 4145 μοι
1417 4079 1473 4131 κτλ.

167 4153 305 4224 Inspicias
320 4153 407 4208 etiam
416 4155 514 4210 Dionis
529 4157 720 4227 Chrysostomi
739 4161 808 4213 orat.
825 4158 862 4212 ad
876 4158 954 4211 Alex.
969 4157 1073 4211 XXXII
1088 4163 1120 4211 12
1139 4157 1192 4211 vol.
1208 4158 1221 4210 Ι
1234 4176 1261 4226 p.
1272 4162 1334 4224 270,
1346 4163 1379 4211 16
1394 4158 1474 4212 Am:

166 4234 284 4304 pellecta
303 4233 335 4288 dt
354 4234 422 4288 αότό
443 4238 490 4304 (sc.
509 4237 541 4290 τό
560 4235 719 4306 δαιμόνιον)
739 4237 863 4293 δείκνυσι
877 4238 929 4308 τὴν
943 4239 1029 4293 αὑτοῦ
1044 4238 1166 4306 δύναμιν
1180 4237 1228 4291 καὶ
1247 4234 1335 4305 μόνον
1354 4236 1387 4290 ού
1402 4233 1470 4289 καθ’

167 4313 287 4385 έκύστην
309 4311 416 4384 ἡμέραν
440 4313 488 4369 διό
510 4335 540 4370 τε
563 4327 692 4387 χρησμῶν
715 4319 764 4372 κοιλ
786 4316 825 4372 δι’
852 4317 1012 4386 ὀνειράτων.
1037 4317 1074 4386 μὴ
1101 4313 1152 4372 οόν
1175 4315 1271 4371 οἴεσθε
1294 4312 1474 4384 κοιμωμένων

166 4393 254 4464 μόνον
281 4395 472 4464 ἐπιμελεῖσθαι
506 4396 556 4451 τόν
580 4397 665 4466 θεόν,
685 4399 757 4470 [καλ]
781 4397 842 4453 κατ’
870 4396 948 4453 ἰδέαν
974 4395 1077 4470 ἑκάστῳ
1101 4397 1245 4466 μηνύοντα
1268 4395 1299 4449 τό
1324 4391 1475 4463 συμφέρον,

166 4475 357 4546 ἐγρηγορότων
381 4474 413 4530 δέ
439 4476 550 4546 ἀμελεῖν
574 4477 622 4531 καὶ
645 4485 725 4547 κοινῇ
748 4477 796 4531 καὶ
819 4476 940 4546 ἀθρόοις
962 4476 1050 4547 μηδὲν
1076 4474 1112 4532 ὄιν
1135 4477 1224 4542 δεῖξαι
1247 4485 1303 4531 τῶν
1325 4471 1473 4545 χρησίμων.

166 4553 299 4618 πολλάκις
317 4554 370 4626 γὰρ
390 4554 444 4626 ἤδη
463 4556 511 4610 καὶ
530 4554 619 4625 ὄπαρ
639 4555 726 4625 ὤνησε
745 4557 794 4611 καλ
813 4554 878 4626 μεθ’
900 4555 1029 4626 ἡμέραν
1048 4557 1198 4627 ἐναργῶς
1215 4564 1357 4624 προεῖπεν.

257 4639 283 4704 3)
302 4653 326 4689 v.
347 4635 434 4690 etiam
456 4636 574 4691 Buechs.
598 4655 624 4706 p.
642 4641 688 4691 35:
711 4639 790 4704 „Der
817 4638 952 4704 Waasca,
974 4654 1028 4692 υοκ
1051 4640 1110 4693 dem
1132 4637 1283 4706 ecfdllipea
1306 4635 1476 4691 Ενεαλιικοκ

165 4714 238 4772 cinea
259 4716 390 4774 Trocmos
408 4717 588 4790 κκυόλῶκρλρ
605 4733 641 4773 κα
658 4717 717 4774 αλκ
735 4718 795 4774 aad
812 4719 858 4774 τιίι
880 4718 1105 4776 corbedeatcadea
1123 4717 1240 4774 Ζιλαλαι
1262 4716 1311 4774 der
1333 4715 1387 4773 Art
1404 4716 1476 4774 κοιλ
