3294 5190
608 350 649 403 De
667 348 850 403 incubatione
869 346 1030 401 christiana.
1430 346 1471 409 73

260 512 427 598 Apparent
456 517 612 597 martyres
643 513 856 577 subridentes:
887 512 1065 596 φαίνονται
1095 510 1184 598 αύτῷ
1216 512 1317 576 πάλιν
1347 511 1471 594 μειδι-

167 623 287 689 ῶντες
315 620 361 699 τῷ
391 612 557 698 προσώπῳ
587 609 642 676 καλ
680 610 836 693 λέγουσιν
867 608 955 696 αὐτῷ
989 608 1026 673 έν
1056 609 1196 694 ὀπτασίᾳ
1227 614 1294 674 κτλ.
1329 609 1379 691 11,
1398 608 1472 672 372.

164 711 480 794 ῦπομειδιῶντες
512 707 668 792 λέγουσιν
702 709 757 791 18,
775 708 849 771 440.
891 705 1081 782 ἐπιστάντες
1110 715 1155 794 τῷ
1187 704 1286 791 άνδρλ
1319 707 1354 771 oi
1383 707 1472 788 ἁγιοι

166 807 242 873 καθ’
267 808 376 873 ὕπνον
399 809 630 891 μειδιῶντες
652 807 735 892 πρὸς
756 805 858 870 αὐτὸν
876 802 931 869 καλ
950 806 990 870 τὰ
1008 807 1169 890 πρόσωπα
1189 804 1301 889 ίλαρὰ
1320 805 1472 869 δεικνύν-

164 930 217 983 τες
241 905 293 988 23,
312 905 386 970 474.
425 903 663 989 ἐπιλαβομένης
686 906 802 968 τοίνυν
827 900 938 988 ἑτέρας
961 903 1081 979 νυκτὸς
1104 904 1282 986 φαίνονται
1310 902 1393 987 αὐτῇ
1413 953 1419 966 .
1439 952 1471 966 ..

164 1005 398 1088 μειδιῶντες
420 1010 465 1090 τῷ
488 1003 654 1088 προσώπῳ
678 1001 730 1084 27,
749 1001 823 1065 500.

127 1095 130 1100 ’
260 1101 420 1166 Videntur
447 1100 549 1164 saneti
579 1099 638 1163 sub
667 1099 772 1183 speeie
800 1098 915 1163 aliena:
943 1100 1092 1184 „diuersis
1118 1099 1153 1162 ia
1180 1099 1299 1164 diverso
1326 1097 1474 1162 schemate

167 1202 213 1266 oei
235 1202 339 1283 βρννα
361 1200 536 1280 seurotipsos
560 1219 618 1280 per
640 1198 789 1262 visionem
811 1200 990 1263 ostoaduot‘
1018 1195 1056 1261 A.
1076 1219 1100 1261 s.
1119 1219 1149 1280 p.
1168 1196 1243 1278 461,
1265 1194 1336 1260 185.
1382 1194 1472 1275 „Cos-

167 1319 237 1363 mus
251 1298 508 1363 insimilitudine
525 1295 680 1360 θααάίοεί
694 1296 855 1360 cuiusdam
867 1295 1011 1360 νιοιιαιόί
1019 1295 1174 1377 palliatas
1192 1295 1332 1358 adoeait‘
1347 1293 1388 1358 ib.
1401 1294 1473 1358 186.

167 1396 307 1460 Omnino
332 1397 422 1458 extra
445 1393 601 1478 templum
625 1394 763 1478 figuram
786 1415 876 1457 suam
899 1397 1024 1456 mutare
1048 1392 1153 1458 solent
1176 1392 1272 1475 idque
1296 1391 1394 1475 ῦπαρ.
1435 1390 1474 1455 In

168 1495 282 1559 itinere
310 1497 465 1578 apparent
492 1492 561 1557 viro
592 1492 719 1557 cuidam
743 1490 780 1555 ἐν
807 1493 945 1575 σχήματι
972 1497 1139 1577 κληρικῶν
1164 1491 1214 1572 13,
1233 1490 1313 1578 426;
1340 1490 1379 1554 ef.
1398 1490 1472 1553 432.

166 1592 418 1676 Nonnumquam
441 1590 523 1655 alter
552 1590 776 1655 tantummodo
804 1593 987 1654 sanctorum
1014 1589 1152 1653 videtur:
1180 1581 1236 1665 εἷς
1262 1589 1380 1653 τοίνυν
1407 1599 1474 1652 τῶν

166 1691 229 1756 δύο
252 1693 471 1776 θεραπόντων
493 1697 553 1754 τοῦ
573 1694 720 1773 Χριστοῦ
744 1686 781 1752 ἐν
799 1689 937 1771 σχήματι
955 1687 1134 1773 περιχύτου
1153 1684 1271 1770 φανελς
1293 1684 1342 1768 (in
1359 1685 1473 1750 balneo

167 1786 290 1874 vicino)
309 1794 375 1853 κτλ.
398 1789 447 1871 12,
466 1788 540 1853 388.
564 1794 687 1871 θεωρεῖ
709 1784 776 1850 ἕνα
797 1797 864 1850 τῶν
882 1785 988 1868 ἁγίων
1007 1783 1221 1870 ἐξερχόμενον
1238 1790 1305 1850 κτλ.
1328 1784 1381 1866 20,
1399 1783 1473 1848 458.

167 1889 240 1953 ίδεν
262 1888 344 1952 κατὰ
367 1889 428 1971 την
452 1885 612 1951 ἐνύπνιον
633 1884 713 1961 ὀφιν
732 1885 839 1968 ἄνδρα
863 1884 937 1948 τινὰ
953 1935 959 1947 .
975 1935 981 1947 .
997 1935 1004 1947 .
1019 1882 1156 1966 ὀνόματι
1179 1886 1319 1967 Κοσμᾶν
1333 1883 1385 1965 21,
1399 1883 1473 1945 464.

166 1989 280 2068 ἔλεγεν
309 1984 327 2048 ὁ
355 1984 476 2070 ὀφθεὶς
504 1983 588 2069 άνηρ
613 2035 619 2048 .
644 2034 650 2047 .
676 1980 890 2070 ,καὶταῦτα
917 1977 979 2066 μὲν
1004 1978 1083 2046 καθ’
1115 1980 1224 2046 ὕπνον
1247 1979 1382 2045 15466.
1419 1982 1477 2043 καί

166 2108 242 2149 τινα
266 2081 442 2168 ἑωρακέναι
462 2080 519 2168 (so.
538 2077 678 2166 συνέβη)
701 2091 768 2144 τιῦν
792 2078 897 2162 ἁγίων
916 2081 972 2144 διὰ
989 2088 1047 2163 τῆς
1065 2080 1184 2155 νυκτὸς
1202 2077 1346 2143 θέλοντα
1364 2099 1474 2163 περιο-

168 2183 284 2246 δεῦσαι
303 2183 364 2265 τὴν
382 2180 524 2266 γαστέρα
542 2179 646 2245 αὐτοῦ
660 2178 713 2260 23,
727 2178 801 2242 476.
826 2176 948 2260 συνέβη
968 2178 1044 2242 τινά
1062 2178 1230 2261 πάσχοντα
1248 2177 1327 2251 τοὺς
1345 2175 1474 2259 ὀφθαλ-

167 2281 251 2363 μοὺς
337 2330 343 2342 .
368 2280 453 2343 ἰδεῖν
483 2275 549 2342 κατ’
584 2279 666 2363 ὀναρ
698 2275 766 2340 ἕνα
798 2286 865 2340 τῶν
898 2274 1003 2358 ἁγίων
1036 2274 1088 2357 25,
1106 2265 1180 2339 486.
1228 2273 1334 2338 Semel
1366 2278 1475 2338 sancta

167 2378 270 2462 Virgo
295 2398 367 2441 oum
390 2375 585 2459 martyribus
610 2396 642 2438 se
667 2374 760 2438 offert
784 2395 903 2457 eosque
930 2378 1098 2458 aegrotum
1122 2373 1271 2437 adiuvare
1294 2372 1396 2436 iubet:
1420 2370 1475 2436 uoci

167 2482 290 2560 θεωρεῖ
318 2472 381 2560 (vir
409 2470 553 2558 quidam)
586 2473 642 2537 διά
673 2480 731 2554 τῆς
764 2473 884 2548 νυκτὸς
916 2470 1114 2558 ἐρχομένους
1145 2472 1228 2555 πρὸς
1262 2469 1365 2534 αὐτὸν
1396 2472 1474 2546 τοὺς

168 2574 378 2658 θεράποντας
400 2581 460 2637 τοῦ
485 2576 631 2657 Χριστοῦ
655 2573 695 2634 K.
715 2567 769 2634 καὶ
792 2576 834 2634 Λ.
853 2569 955 2655 μέσον
978 2573 1113 2654 ἔχοντας
1132 2571 1193 2653 την
1211 2566 1475 2654 κεχαριτωμένην

168 2670 352 2757 Παρθένον
374 2668 429 2735 καλ
453 2668 616 2751 λέγουσαν
638 2668 766 2744 αὐτοῖς·
792 2667 851 2752 ίδέ,
875 2663 973 2746 οὗτός
997 2667 1088 2734 ἐστιν
1107 2667 1124 2734 ὁ
1144 2678 1266 2733 νοσῶν·
1285 2667 1475 2751 βοηθήσατε

167 2768 255 2855 αὐτῷ
280 2765 518 2854 iitrdxov91).

257 2866 415 2949 Martyres
439 2866 489 2930 bis
513 2870 562 2930 ter
585 2866 687 2929 eidem
710 2866 835 2930 homini
859 2870 1022 2949 apparent,
1046 2866 1073 2930 si
1095 2889 1162 2933 non
1190 2864 1376 2948 exsequitur
1394 2888 1475 2949 quae

168 2964 407 3047 imperaverint:
434 2965 698 3049 προστάττουσιν
725 2965 788 3048 γὰρ
819 2964 943 3046 ταύτην
970 2963 1139 3050 (Ἐβραῖαν
1162 3015 1168 3028 .
1193 3015 1199 3028 .
1224 2961 1245 3049 .)
1273 2975 1381 3049 κρεῶν
1407 2988 1476 3047 χοι-

168 3065 267 3145 ρείων
304 3064 499 3143 μεταλαβεῖν
538 3059 581 3147 (v.
605 3057 715 3145 supra)
746 3112 752 3124 .
784 3112 790 3124 .
822 3112 828 3124 .
860 3059 962 3125 πάλιν
992 3061 1032 3126 εἰι
1064 3062 1084 3125 δ
1090 3059 1253 3146 ευτέρου
1286 3058 1476 3137 ἐπιστάντες

172 3157 255 3241 αῦτη
281 3208 286 3220 .
312 3207 318 3221 .
343 3209 349 3221 .
376 3168 444 3222 τῶν
472 3158 582 3222 αὐτῶν
610 3168 717 3243 κρεῶν
744 3157 848 3240 αὐτην
874 3159 1138 3241 μεταλαμβάνειν
1167 3155 1319 3222 ἐκέλευον
1344 3208 1350 3222 .
1374 3209 1381 3221 .
1406 3208 1412 3220 .
1436 3157 1475 3222 εἰι

168 3258 305 3340 τρίτου
338 3254 530 3337 φθάσαντες
560 3261 627 3320 κτλ.
658 3254 692 3336 2,
712 3256 786 3319 316.
827 3254 1021 3319 κελεύουσιν
1055 3257 1136 3339 μίαν
1169 3255 1289 3340 κράσιν
1322 3256 1476 3338 κεδραίας

168 3363 237 3418 πιεῖ
287 3404 293 3418 .
323 3404 329 3416 .
359 3404 364 3417 .
393 3353 512 3418 πάλιν
544 3351 704 3437 φανέντες
727 3353 816 3440 αὐτῷ
841 3404 847 3417 .
872 3404 878 3418 .
903 3404 910 3417 .
941 3351 980 3418 ἐκ
1009 3356 1148 3439 τρίτου
1173 3351 1362 3429 ἐπιστάντες
1385 3351 1474 3441 αὐτῷ

170 3451 220 3533 11,
235 3450 308 3515 370.
347 3451 513 3534 ὤφθησαν
540 3451 576 3515 oi
599 3451 896 3535 θεράποντες...
924 3451 1026 3517 πάλιν
1059 3451 1099 3516 ἐτι
1126 3449 1316 3536 δευτέρου
1350 3449 1475 3533 ὀφθέν-

167 3572 249 3625 τες.
275 3601 281 3612 .
307 3600 313 3613 .
343 3547 381 3613 ἐκ
416 3552 552 3633 τρίτον
580 3544 617 3612 δὲ
645 3548 734 3635 αὐτῷ
762 3547 925 3632 ὀφθέντες
952 3550 1005 3632 24,
1019 3549 1139 3633 480sq.
1186 3553 1364 3633 φαίνονται
1391 3548 1475 3635 αὐτῇ

168 3647 203 3710 οί
232 3647 370 3730 μεγάλοι
399 3644 505 3732 ίατρολ
539 3698 545 3711 .
574 3698 581 3711 .
610 3698 616 3711 .
647 3646 838 3724 ἐπιστάντες
865 3647 947 3734 αὐτῇ
976 3647 1016 3713 εἰι
1046 3646 1234 3733 δευτέρου
1264 3655 1303 3733 τῇ
1336 3645 1475 3734 ἐπιούσῃ

168 3747 266 3808 νυκτί
286 3745 339 3827 27,
353 3744 427 3809 500.
453 3743 527 3808 504.

256 3840 394 3924 Accidit,
417 3847 454 3906 ut
478 3843 602 3908 somnia
626 3842 748 3929 ἐναργῆ
771 3844 890 3908 frustra
918 3846 1154 3927 exspectentur:
1182 3841 1306 3925 ὀλίγων
1334 3839 1371 3908 δέ
1398 3842 1474 3927 ἡμε-

169 3949 239 4025 ρῶν
262 3939 509 4024 διαγενομένων
526 3940 582 4006 καὶ
595 3943 755 4026 μηδεμιᾶς
770 3940 959 4018 ἐπιστασίας
980 3941 1068 4028 αὐτῷ
1086 3940 1152 4005 ὑπὸ
1171 3950 1239 4005 τῶν
1257 3939 1363 4023 ἁγίων
1381 3965 1475 4024 γενο-

167 4035 267 4121 μένης
283 4038 390 4120 1,306.
410 4041 534 4124 χρόνον
549 4037 589 4104 δέ
600 4062 691 4114 τινος
708 4041 941 4125 παρωχηιιότος
958 4036 1013 4104 καλ
1031 4048 1092 4104 τοῦ
1110 4039 1242 4114 πάθους
1261 4088 1268 4102 .
1288 4090 1294 4103 .
1315 4038 1475 4124 οὐδεμίαν

167 4133 328 4221 αίτίανβ)
358 4135 600 4220 ὁμολογοῦντος
628 4136 658 4217 3,
678 4135 752 4199 322.
791 4137 907 4201 ίκανοῦ
935 4132 972 4201 δέ
999 4139 1122 4221 χρόνου
1152 4135 1392 4221 διαγενομένου
1420 4135 1475 4201 καὶ

167 4231 386 4316 ἐπιμενούσης
409 4231 445 4298 ἐν
468 4234 557 4321 αὐτῷ
581 4243 638 4317 τῆς
661 4233 838 4310 ἀσθενείας
860 4234 890 4316 4,
910 4233 983 4298 328.
1022 4232 1235 4319 ἐνδιατρίψας
1262 4229 1325 4300 οὖν
1352 4232 1475 4319 ἡμέρας

170 4330 286 4406 ίκανάς
317 4329 372 4395 καλ
404 4339 461 4413 τῆς
492 4330 574 4407 θέας
605 4343 673 4397 τῶν
703 4331 809 4415 ἁγίων
841 4331 881 4398 οὐ
919 4333 1029 4417 τυχὼν
1065 4331 1250 4418 ἀναχωρεῖν
1285 4330 1473 4418 ἐβούλετοέ)

258 4561 284 4628 1)
303 4558 325 4611 Ε
344 4559 405 4614 ood.
425 4559 546 4613 Vindob.
562 4559 596 4615 cf.
612 4560 644 4613 Α.
661 4579 681 4614 s.
697 4580 723 4630 p.
738 4568 799 4629 460,
816 4567 879 4631 1763
898 4561 1029 4616 Reinoldi
1055 4560 1159 4617 Dehnii
1180 4562 1264 4615 notas
1289 4561 1325 4614 ad
1344 4559 1372 4614 0.
1393 4563 1422 4615 ot
1440 4561 1472 4618 D.

167 4636 305 4692 miracula
324 4639 399 4709 apud
417 4639 675 4709 Wangnereokium
692 4659 719 4710 p.
736 4640 859 4696 XXXIV.

257 4719 284 4787 2)
303 4717 462 4790 ἐβουλεύετο
481 4719 564 4775 Vind.
