3294 5190
166 303 209 367 98
741 302 831 371 Caput
847 300 893 356 IV.

164 466 281 530 victuri
310 468 401 529 erant
428 469 616 551 receperunt
624 462 664 552 ¹),
696 463 815 551 pagani
842 487 963 550 mores,
996 487 1076 548 quos
1105 465 1308 551 exstinguere
1338 463 1476 530 ecclesia

164 586 230 627 non
253 567 388 648 poterat,
411 567 501 627 veste
524 562 699 627 christiana
721 560 798 626 tecti
821 563 983 648 vigebant,
1006 563 1194 647 praesertim
1223 585 1296 627 cum
1319 563 1385 626 iam
1410 562 1477 626 illis

164 662 365 746 temporibus
394 661 545 726 ecclesiae
569 660 756 726 stomachus
779 661 976 725 credentium
994 660 1082 725 haud
1100 665 1261 726 recusaret
1279 659 1477 725 nummulos.

717 838 747 903 4.
775 837 926 904 Thecla.

255 946 286 1012 S.
305 946 442 1010 Theclae
466 967 593 1029 quoque
617 943 789 1009 traduntur
811 945 967 1010 miracula
990 946 1047 1029 iis,
1071 967 1152 1028 quae
1177 945 1236 1010 sub
1260 947 1281 1009 2
1305 949 1336 1009 et
1360 944 1381 1009 3
1405 967 1476 1029 per-

165 1045 374 1110 lustravimus
398 1044 583 1129 persimilia.
631 1039 829 1127 Conscripsit
858 1044 942 1108 enim
974 1043 1115 1107 Basilius
1149 1043 1278 1128 quidam
1312 1041 1478 1107 Seleuciae

166 1145 336 1227 episcopus
359 1142 462 1206 libros
487 1142 525 1206 de
549 1142 616 1205 vita
639 1163 675 1205 ac
702 1142 866 1205 miraculis
889 1140 1027 1205 Theclae
1050 1139 1178 1228 du0s2),
1207 1163 1344 1224 quorum
1373 1141 1477 1204 altero

166 1242 206 1304 de
238 1239 458 1305 curationibus
490 1240 590 1303 refert
620 1239 757 1322 aliisque
789 1238 953 1303 miraculis
981 1261 1000 1302 a
1028 1243 1139 1302 sancta
1170 1242 1311 1322 martyre
1344 1239 1477 1321 effectis,

166 1361 247 1422 quae
267 1361 338 1402 cum
361 1337 436 1422 Cyri
455 1335 651 1420 Ioannisque
672 1336 805 1401 Cosmae
823 1337 1039 1420 Damianique
1058 1336 1280 1401 sanctionibus
1300 1357 1477 1420 congruere

167 1437 273 1520 primo
297 1437 414 1500 obtutu
438 1430 593 1500 clarescit.
639 1434 781 1498 Basilius
812 1434 867 1498 ille
894 1434 945 1498 vel
973 1434 1029 1517 qni
1051 1434 1115 1498 fuit
1142 1434 1301 1498 librorum
1330 1431 1477 1519 auctorss)

167 1533 295 1618 Thecla,
319 1556 415 1616 quam
440 1533 569 1615 quidem
593 1532 656 1617 ipsi
685 1531 849 1597 Seleuciae
876 1531 1001 1596 incolae
1028 1532 1277 1616 venerabantur,
1305 1531 1398 1613 quasi
1422 1552 1478 1614 pa-

92 1630 94 1634 ’
166 1635 261 1695 trona
285 1653 342 1696 sua
365 1631 469 1695 utitur
491 1634 588 1713 atque
612 1630 646 1693 in
668 1630 761 1694 libris
786 1630 1015 1714 componendis
1040 1651 1112 1694 cum
1135 1629 1324 1715 languescit,
1347 1651 1367 1691 a
1392 1650 1478 1691 mar-

165 1734 237 1813 tyre
260 1728 346 1793 haud
370 1749 460 1793 secus
483 1727 674 1792 admonetur
697 1733 793 1812 atque
816 1727 976 1792 Aristides
1000 1727 1110 1792 rhetor
1133 1728 1173 1791 ab
1197 1725 1391 1810 Aesculapio
1417 1748 1476 1790 suo

166 1828 242 1891 dum
266 1848 372 1891 sacras
392 1848 466 1890 suas
486 1826 658 1891 conscribit
678 1827 848 1891 orationes.
885 1825 1024 1890 Omnino
1045 1829 1186 1891 statuere
1203 1825 1279 1890 licet
1301 1825 1477 1889 maximam

167 1925 365 1989 intercedere
398 1925 432 1988 in
462 1921 599 2010 singulis
630 1946 757 2009 quoque
788 1924 1032 1989 similitudinem
1063 1924 1147 1987 inter
1177 1945 1288 1988 omnes
1317 1923 1478 1987 eiusmodi

165 2021 323 2108 homines,
347 2022 402 2106 qui
426 2023 521 2087 deum
544 2023 703 2105 quendam
721 2045 780 2106 pro
801 2023 903 2087 amico
924 2026 955 2086 et
975 2023 1159 2087 consultore
1176 2019 1374 2108 haberent4).
1413 2019 1477 2085 Sed

165 2120 351 2185 accedamus
375 2120 415 2184 ad
438 2120 509 2205 ipsa
532 2119 694 2184 miracula

259 2289 284 2356 1)
303 2286 456 2340 Divinandi
475 2287 530 2355 vis,
550 2302 720 2355 quamquam
740 2287 877 2342 eiusmodi
901 2289 1012 2341 sanctos
1036 2286 1130 2340 omnia
1154 2286 1225 2340 scire
1248 2287 1477 2355 consentaneum,

166 2367 310 2435 perlucere
327 2366 441 2421 videtur
464 2367 495 2421 in
517 2366 577 2420 mir.
594 2373 636 2436 62,
652 2367 768 2436 3641B,
792 2366 842 2420 ubi
864 2366 1019 2437 Rhodopae
1042 2365 1153 2420 mulieri
1177 2369 1296 2420 mortem
1319 2364 1345 2419 ei
1368 2365 1478 2419 instare

166 2446 346 2515 praedicitur.

255 2529 282 2596 2)
301 2525 401 2580 Basilii
426 2526 570 2581 Seleuciae
595 2526 626 2580 in
648 2527 756 2581 Isauria
779 2528 903 2597 episcopi
928 2527 1047 2582 devita
1076 2543 1108 2581 ac
1137 2525 1280 2580 miraculis
1303 2524 1329 2578 d.
1354 2524 1478 2579 Theclae

166 2605 282 2676 virginis
301 2607 433 2676 martyris
452 2606 605 2662 Iconiensis
624 2607 690 2661 libri
710 2608 774 2676 duo,
793 2608 964 2677 Antverpiae
984 2612 1060 2661 1608.

256 2691 282 2756 3)
302 2685 382 2751 Quod
400 2686 477 2739 haud
497 2687 566 2740 satis
586 2689 661 2742 certe
680 2689 806 2755 constat;
825 2691 921 2742 tamen
935 2687 1086 2742 verisimile
1101 2689 1144 2742 est
1158 2686 1251 2755 quinti
1265 2684 1371 2740 saeculi
1389 2685 1477 2740 fuisse

167 2765 332 2834 scriptorem
351 2782 470 2834 eumque
490 2766 634 2821 Seleuciae
654 2767 815 2837 episcopum
834 2767 877 2822 vel
896 2769 1099 2838 presbyterum.
1129 2767 1163 2820 cf.
1178 2766 1345 2822 Koehlerum
1360 2765 1390 2818 in
1404 2765 1476 2819 Mus.

166 2845 254 2900 aben.
272 2851 304 2898 ιι
324 2848 416 2915 (reae)
434 2863 460 2914 p.
476 2850 536 2899 ιιι.

260 2928 287 2995 4)
306 2925 454 2979 Putaveris
469 2925 602 2979 Aristidis
621 2925 763 2981 orationes
777 2944 870 2982 sacras
885 2930 914 2983 te
928 2929 1030 2999 legere,
1050 2928 1074 2982 si
1088 2928 1200 2983 evolvas
1213 2926 1350 2981 Basiliam
1367 2944 1394 2995 p.
1410 2931 1477 2979 210:

167 3006 216 3061 καί
236 3002 316 3062 εἷπον
336 3004 387 3075 μὲν
410 3005 480 3060 ἀττα
499 3006 540 3077 (in
559 3007 712 3076 contione)·
732 3005 803 3062 odra
822 3006 856 3062 δέ
873 3029 920 3078 μοι
938 3009 990 3079 τὴν
1008 3019 1087 3080 χεῖρα
1110 3010 1158 3063 καί
1181 3007 1263 3078 χάριν
1285 3003 1478 3062 συνεπέδωκεν

167 3087 184 3156 ἡ
204 3086 322 3155 μάρτυς,
341 3087 378 3149 ὡς
396 3082 469 3141 εἷναί
487 3106 514 3140 τι
535 3088 607 3158 [καί]
626 3086 707 3152 δόξαι
725 3089 773 3142 καί
793 3087 934 3159 εἰρηκέναι
953 3088 1068 3159 μετρίως
1086 3090 1135 3143 καί
1156 3092 1256 3157 θαῦμα
1279 3091 1407 3142 πλεῖστον
1432 3086 1478 3140 ἐπί

166 3168 265 3237 μηδενί
283 3171 438 3239 θαυμαστῷ
455 3177 512 3221 τῶν
531 3168 604 3236 ἐμῶν
623 3166 835 3239 ἀπενέγκασθαι
854 3169 951 3239 λόγων.
970 3172 1018 3225 καί
1037 3179 1085 3239 τῆς
1104 3169 1244 3238 ἱερατικῆς
1267 3165 1299 3221 δέ
1322 3187 1369 3236 μοι
1391 3187 1477 3220 κατα-

168 3245 299 3312 ξιωθέντι
318 3245 464 3317 γερουσίας
486 3249 534 3301 καί
557 3256 607 3302 τοῦ
630 3246 787 3318 καταλόγου
810 3259 866 3304 τῶν
890 3250 1067 3304 διδασκάλων
1090 3250 1138 3303 καί
1162 3245 1258 3317 ἱερέων
1281 3255 1430 3316 συμπαρῆν
1448 3265 1477 3300 τε

167 3329 203 3389 ὡς
220 3327 255 3380 τά
274 3326 361 3381 πολλά
380 3329 426 3381 καί
453 3328 582 3396 νύκτωρ
603 3327 855 3399 ἐπιφαινομένη
874 3328 983 3401 βιβλίον
1005 3327 1032 3383 τί
1051 3349 1097 3398 μοι
1115 3328 1228 3390 πάντως
1250 3325 1268 3396 ἢ
1286 3326 1390 3398 χάρτου
1408 3326 1477 3394 τόρε-

168 3425 229 3477 γεν
250 3404 265 3460 δ
283 3406 396 3469 πάντως
415 3426 461 3475 μοι
479 3405 607 3478 πλείστης
631 3407 833 3477 εόδοκιμήσεως
852 3410 989 3481 σύμβολον
1011 3403 1048 3478 ἦν
1070 3429 1100 3463 τε
1122 3410 1171 3463 καί
1195 3405 1292 3462 ἐδόκει,
1331 3406 1477 3472 Quomodo

169 3490 268 3541 sancta
290 3489 397 3556 martyr
419 3487 449 3540 in
474 3487 623 3542 scribendo
648 3488 800 3543 admoneat
823 3494 980 3558 auctorem,
1004 3490 1070 3544 vide
1100 3489 1138 3543 ib.
1157 3507 1184 3558 p.
1202 3493 1252 3543 178
1263 3506 1315 3556 sq.:
1340 3486 1437 3551 ἔδοξεν
1460 3485 1478 3554 η

169 3566 273 3636 μάρτυς
301 3565 418 3636 πλησίον
438 3566 468 3623 ἐν
488 3567 553 3637 ὄψει
573 3588 626 3637 μου
652 3568 903 3638 παρακαθέζεσθαι
928 3615 934 3626 ,
955 3616 960 3624 .
982 3615 987 3625 .
1012 3571 1060 3624 καί
1085 3571 1288 3638 ἀναγινώσκειν
1313 3564 1404 3621 ἐδόκει
1430 3586 1479 3635 μοι

168 3651 216 3717 (sc.
236 3646 270 3700 τά
288 3647 434 3717 θαύματα)
459 3649 507 3702 καί
531 3647 691 3717 ἐφήδεσθαι
713 3651 761 3704 καί
784 3652 896 3718 μειδιᾶν
919 3651 967 3704 καί
992 3647 1190 3706 ἐνδείκνυσθαί
1214 3668 1261 3717 μοι
1282 3652 1321 3720 τῷ
1344 3644 1479 3717 βλέμματι

167 3729 205 3789 ὡς
224 3724 336 3795 ἀρέσκοι
354 3726 415 3781 τότε
433 3737 492 3790 τοῖς
510 3727 699 3799 γραφομένοις
716 3729 765 3782 καί
784 3730 820 3791 ὡς
839 3727 897 3782 δέοι
916 3749 949 3798 με
973 3728 1172 3800 ἀναπληρῶσαι
1193 3728 1243 3783 τόν
1265 3727 1355 3782 πόνον
1376 3734 1478 3781 τοῦτον

60 3871 62 3875 Ι
167 3807 216 3860 καί
236 3806 272 3876 μὴ
291 3805 436 3863 ἀτέλεστον
454 3812 626 3877 καταλιπεῖν,
646 3807 740 3878 μέχρις
758 3806 794 3864 ἀν
819 3809 866 3880 ἐξῇ
884 3808 1001 3878 μάλιστα
1019 3809 1038 3864 δι
1057 3809 1172 3873 ἕκαστος
1190 3806 1249 3865 olda
1267 3809 1316 3863 καί
1335 3808 1405 3876 άπερ
1425 3809 1478 3863 σὺν

168 3885 297 3961 ἀκριβείᾳ
316 3889 440 3944 δυνατὸν
454 3887 522 3957 παρ’
545 3888 661 3942 ἑκάστου
676 3887 845 3958 μανθάνειν.
865 3888 932 3944 ὥστε
947 3910 980 3960 με
990 3890 1058 3960 μετά
1072 3892 1124 3960 την
1143 3891 1213 3961 όψιν
1228 3891 1333 3960 ταύτην
1348 3886 1430 3950 δέους
1448 3907 1478 3942 τε

166 3970 352 4037 πληρωθῆναι
368 3969 416 4022 καί
430 3964 593 4036 προθυμίας
607 3969 824 4038 ὑποπλησθηναι
839 3971 886 4024 καί
901 3970 1033 4040 ἅψασθαι
1049 3971 1135 4025 πάλιν
1149 3969 1246 4025 δέλτου
1260 3971 1308 4025 καί
1322 3966 1479 4040 γραφιδίου

166 4048 215 4100 καί
237 4056 319 4102 τοῦτο
337 4056 430 4103 ποιεῖν
449 4045 527 4118 μέχρι
545 4065 597 4116 περ
617 4045 653 4103 διν
673 4049 742 4119 αὐτὴ
761 4051 866 4123 κελεόη.
902 4051 944 4105 De
968 4051 1092 4105 Aristide
1115 4070 1139 4105 v.
1159 4055 1179 4105 t.
1196 4051 1221 4104 ΙΙ
1241 4069 1268 4121 p.
1284 4055 1376 4116 395,8
1397 4048 1477 4104 Keil:

171 4129 259 4189 εὐθὺς
278 4129 306 4193 ἐξ
325 4129 413 4197 ἀρχῆς
430 4136 565 4196 προεῖπεν
583 4127 599 4182 ό
617 4129 686 4191 θεὸς
704 4130 883 4200 ἀπογράφειν
905 4131 941 4185 τά
960 4130 1098 4200 ὀνείρατα.
1135 4131 1177 4186 De
1200 4129 1368 4200 Sophronia,
1391 4129 1442 4197 qni
1462 4146 1480 4182 a

169 4225 203 4261 ss.
220 4207 290 4276 Cyro
310 4210 339 4261 et
357 4207 461 4262 Ioanne
480 4207 643 4278 impellitur,
664 4211 697 4263 cf.
714 4210 786 4281 Spic.
801 4212 880 4265 Rom.
896 4212 935 4265 Ill
949 4217 964 4264 9
980 4239 1013 4256 =
1028 4212 1124 4281 Migne
1142 4230 1169 4281 p.
1185 4217 1255 4265 3384
1263 4211 1337 4265 AB:
1357 4210 1389 4264 τὸ
1408 4208 1478 4279 γρά-

167 4307 233 4356 φειν
252 4285 410 4356 ἐπέτρεψαν
435 4288 487 4357 τὴν
506 4287 612 4345 ἑαυτῶν
632 4288 789 4361 συμμαχίαν
808 4301 937 4361 χορηγεῖν
957 4290 1165 4361 συνταξάμενοι.
1180 4291 1313 4355 πολλάκις
1327 4286 1378 4345 οὖν
1393 4289 1424 4344 ἐν
1438 4294 1478 4362 τῷ

168 4366 289 4438 γράφειν
307 4368 379 4437 ἡμᾶς
398 4367 617 4439 ἐπεφάνησαν
635 4374 805 4441 πληροῦντες
823 4372 915 4427 αὐτῶν
933 4372 965 4425 τὸ
984 4371 1150 4441 ἐπάγγελμα,
1168 4370 1236 4426 ποτέ
1255 4371 1305 4441 μέν
1323 4369 1409 4439 μέλαν
1428 4371 1478 4424 καί

167 4447 294 4517 κάλαμον
319 4446 517 4519 παρεχόμενοι,
541 4450 609 4506 ποτὲ
628 4450 659 4506 δέ
683 4453 735 4521 την
757 4452 878 4520 τετράδα
900 4450 1090 4523 λαμβάνοντες
1114 4454 1163 4507 καί
1187 4451 1222 4506 τδι
1244 4450 1363 4521 ἡμέτερα
1387 4449 1478 4518 σφάλ-

168 4548 244 4597 ματα
268 4530 468 4599 διορθούμενοι
492 4534 548 4586 κτλ,
585 4532 700 4586 Procius
724 4532 873 4601 quominus
902 4533 1116 4587 commentarios
1143 4533 1173 4586 in
1202 4532 1327 4586 carmina
1353 4530 1480 4599 Orphica

168 4608 274 4662 scribat
293 4610 436 4664 somniis
461 4611 628 4682 impeditur,
647 4612 837 4667 chiterinum
855 4630 880 4666 v.
900 4612 993 4667 Procli
1012 4619 1054 4667 27.
1091 4612 1287 4668 Artemidorus
1309 4611 1340 4665 in
1360 4610 1479 4665 Oneiro-

168 4688 274 4742 criticis
301 4692 501 4761 componendis
530 4692 565 4746 ab
595 4692 725 4762 Apolline
752 4693 930 4748 admonetur:
959 4685 980 4768 ᾧ
1003 4693 1171 4764 πειθόμενος
1196 4694 1248 4765 ἐγὼ
1271 4691 1390 4766 πατρῴῳ
1415 4691 1480 4747 όντι
