3294 5190
207 315 249 377 88
782 312 937 381 omum.

206 479 290 561 πρὸς
313 474 474 559 Ἰωάννην
504 474 559 539 καὶ
587 479 703 558 Κῦρον
729 477 808 551 τοὺς
839 476 1009 561 μάρτυρας
1036 479 1114 552 τοὺς
1146 479 1250 554 ὄντως
1278 477 1433 561 ἀρωγοὺς
1461 475 1521 542 καὶ

207 577 323 652 σώζειν
356 574 531 658 ἰσχύοντας
563 576 718 656 ἔρχεται
748 570 810 636 καὶ
840 581 891 659 τῷ
925 575 1078 638 τούτων
1105 585 1207 662 σηκῷ
1235 578 1520 641 κατακλίνεται

207 674 268 754 τὴν
299 672 411 736 αὐτῶν
443 671 550 755 ῥοπὴν
578 670 798 753 ἐκδεχόμενος.
844 670 881 734 Id
910 693 1036 754 quoque
1066 693 1139 735 cum
1171 674 1297 737 iamatis
1327 672 1520 756 Epidauriis

207 771 328 853 optime
347 769 497 853 concinit,
516 769 601 851 quod
620 769 777 832 intereos
797 769 851 850 qui
870 770 991 834 morbis
1015 769 1197 834 laborantes
1221 771 1352 834 adibant
1378 793 1520 856 sacrum,

176 902 179 907 ·
207 869 344 931 feminae
368 870 459 930 erant
482 865 616 948 steriles,
640 887 720 947 quae
744 866 872 947 quidem
895 890 915 930 a
933 868 1050 931 sanctis
1069 868 1297 933 fecunditatem
1320 873 1520 951 expeterent.

207 965 246 1028 cf.
272 964 324 1047 34,
339 962 424 1026 3537
437 961 475 1045 C,
505 963 561 1026 ubi
591 963 755 1027 Dorothea
785 965 939 1045 quaedam
970 962 1013 1051 (v.
1036 987 1132 1049 snpra
1154 989 1184 1049 p.
1204 965 1260 1053 82)
1292 966 1331 1029 de
1357 966 1427 1031 filio
1456 989 1519 1032 sno

208 1060 359 1144 implorat
390 1065 560 1144 martyres:
591 1062 687 1126 ἄλλαι
717 1074 871 1143 γυναῖκες
901 1061 999 1127 τέκνα
1035 1064 1078 1146 μὴ
1111 1066 1245 1147 ἔχουσαι
1282 1065 1379 1148 πρὸς
1415 1065 1521 1148 ὑμᾶς

206 1159 530 1243 καταφεύγονσαι
553 1162 773 1243 τίκτουσιν,
797 1158 860 1241 ἐγὼ
885 1157 920 1223 δὲ
944 1165 1011 1225 κτλ.

299 1255 511 1341 Septuaginta
528 1256 584 1320 illa
602 1256 764 1338 miracula,
787 1279 868 1339 quae
886 1258 982 1322 modo
1001 1259 1274 1342 perlustravimus
1292 1284 1312 1324 a
1331 1259 1519 1344 Sophronio

209 1354 376 1438 monacho,
401 1356 456 1437 qni
481 1355 646 1419 oculorum
674 1354 787 1419 morbo
818 1355 949 1419 affectus
977 1357 1017 1420 ad
1041 1356 1116 1440 Cyri
1144 1362 1176 1421 et
1198 1356 1329 1423 loannis
1356 1358 1520 1443 templum

208 1452 410 1537 confugerat,
438 1453 574 1516 sanitate
601 1451 761 1538 recepta¹)
789 1454 873 1517 intra
900 1453 1034 1518 alteram
1061 1455 1180 1520 saeculi
1208 1457 1336 1540 septimi
1364 1457 1520 1521 decadem

213 1555 289 1615 sunt
312 1551 491 1635 composita
499 1548 534 1636 ²),
557 1551 643 1614 hand
664 1550 761 1635 longe
784 1550 933 1615 videlicet
956 1556 1029 1615 ante
1053 1575 1171 1617 annum
1195 1553 1273 1635 619,
1296 1577 1360 1637 quo
1383 1559 1521 1638 propter

208 1649 378 1713 Persarum
405 1649 604 1712 invasionem
629 1646 828 1731 Sophronias
856 1670 928 1712 cum
958 1648 1077 1725 Ioanne
1100 1650 1245 1715 Moschio
1273 1652 1520 1735 archiepiscopo

208 1747 341 1828 reliquit
363 1744 557 1831 Aegyptum.
599 1746 777 1830 Dispositio
802 1769 912 1810 eorum
936 1752 985 1811 est
1002 1747 1093 1812 haec:
1119 1748 1226 1812 1-35
1245 1751 1285 1814 ad
1303 1747 1521 1814 Alexandriae

208 1846 371 1929 pertinent
392 1843 521 1925 incolas,
544 1843 677 1906 36-50
700 1844 738 1907 ad
758 1842 937 1929 Aegyptios
956 1850 988 1909 et
1006 1846 1134 1930 Libyes,
1157 1845 1290 1912 51-70
1308 1848 1348 1911 ad
1366 1852 1521 1913 externos

209 1940 404 2028 (extremum
428 1942 618 2006 miraculum
643 1941 686 2004 70
709 1942 747 2005 de
767 1943 868 2026 ipsius
888 1941 1059 2027 Sophronii
1079 1945 1243 2009 curatione
1260 1943 1381 2032 refert).
1423 1945 1522 2010 Prae-

213 2044 301 2103 terea
324 2042 409 2104 intra
427 2041 567 2123 primum
586 2043 618 2103 ct
636 2040 772 2103 alterum
792 2041 935 2104 ordinem
954 2041 1108 2106 miracula
1125 2043 1171 2106 sic
1190 2043 1273 2107 inter
1293 2065 1326 2108 se
1345 2044 1523 2128 excipiunt,

212 2141 248 2202 ut
271 2138 411 2202 iucunda
434 2138 686 2220 complectantur
709 2135 921 2225 iniucunda³).

298 2235 386 2312 Quae
415 2236 569 2299 miracula
599 2258 662 2320 qua
690 2236 814 2300 ratione
838 2237 903 2299 sint
925 2237 1111 2321 composita,
1135 2261 1329 2321 quamquam
1352 2262 1386 2304 se
1409 2241 1521 2324 ipsum

209 2334 350 2398 adfuisse
375 2332 575 2417 Sophronias
600 2334 652 2417 31,
666 2332 789 2397 35240
818 2332 1018 2420 asseverat)
1042 2336 1162 2419 optime
1182 2337 1274 2400 docet
1292 2337 1522 2423 dignissimum

210 2431 290 2497 illud
315 2432 400 2514 quod
424 2436 690 2496 commemoretur
712 2431 901 2496 miraculum
924 2433 1122 2497 tricesimum
1146 2436 1307 2517 quintum,
1331 2457 1394 2519 quo
1413 2437 1522 2519 prima

210 2531 403 2594 terminatur
427 2530 532 2594 series.
578 2529 697 2616 Agitur
724 2532 758 2594 in
784 2530 846 2594 hoc
873 2530 1027 2594 miraculo
1055 2531 1094 2594 de
1122 2531 1279 2596 defixione
1307 2535 1445 2619 magica:
1468 2536 1523 2598 vir

211 2629 341 2711 qnidam
372 2628 501 2692 nomine
531 2627 730 2713 Theophilus
758 2627 905 2691 manibus
933 2628 1131 2712 pedibusque
1162 2634 1273 2713 captus
1305 2631 1345 2694 ad
1377 2629 1454 2716 Gyri
1488 2638 1522 2697 et

209 2725 339 2790 loannis
362 2727 507 2809 pervenit
536 2748 669 2790 sacrum.
715 2724 881 2809 Apparent
908 2727 938 2790 ei
965 2730 1122 2810 martyres
1149 2749 1206 2810 per
1233 2728 1394 2792 somnium
1422 2734 1522 2813 atque

212 2823 421 2908 praecipiunt,
445 2828 481 2887 nt
503 2825 608 2908 primo
632 2823 772 2887 diluculo
796 2824 836 2887 ad
859 2846 945 2887 mare
969 2846 1117 2909 egressus
1140 2847 1212 2888 cum
1231 2826 1398 2910 piscatore,
1422 2850 1522 2910 quem

213 2923 248 2986 in
269 2921 364 2986 litore
383 2923 571 2987 inventurus
591 2926 681 3003 esset,
704 2922 844 3004 pretium
862 2922 1083 3005 pacisceretur,
1107 2945 1170 3005 quo
1195 2923 1250 2987 ille
1272 2928 1339 2988 rete
1362 2947 1421 3009 pro
1446 2926 1521 3010 ipso

211 3043 311 3104 aquae
322 3022 518 3084 immitteret.
538 3019 630 3096 Quod
642 3023 807 3104 caperetur
819 3020 988 3083 sanitatem
1003 3021 1065 3103 ipsi
1079 3021 1308 3104 praebiturum.
1327 3023 1520 3089 Mandatum

210 3120 337 3203 perficit
361 3123 519 3205 aegrotus.
565 3117 701 3182 Fiscella
719 3121 827 3181 antem
845 3141 865 3182 a
882 3114 1040 3201 piscatore
1058 3122 1220 3202 protracta
1238 3121 1322 3184 inter
1340 3125 1521 3205 emptorem

210 3221 242 3280 et
265 3218 464 3282 venditorem
488 3217 591 3281 oritur
613 3216 667 3280 lis:
690 3238 793 3299 neque
818 3216 903 3280 enim
926 3216 1080 3280 fiscellam
1102 3218 1244 3300 piscator
1267 3218 1323 3282 sed
1341 3219 1463 3302 piscem
1484 3243 1520 3286 se

209 3315 390 3379 vendidisse
415 3314 492 3378 dicit
513 3336 617 3397 neque
640 3336 715 3378 vcro
740 3316 889 3398 aegrotus
913 3314 952 3376 de
971 3335 1028 3378 sno
1048 3313 1118 3378 vult
1136 3315 1286 3380 decedere
1305 3317 1382 3381 iure.
1420 3315 1520 3384 Oeco-

209 3436 306 3477 nomo
340 3413 475 3494 denique
507 3411 628 3475 arbitro
661 3414 808 3493 utuntur,
841 3412 896 3493 qui
929 3413 1072 3474 omnium
1108 3413 1248 3496 primum
1281 3415 1396 3498 aperiri
1427 3415 1521 3481 iubet

209 3509 371 3574 fiscellam.
416 3508 583 3573 invenitur
605 3509 709 3594 figura
732 3532 829 3573 aenea
852 3512 1004 3591 quattuor
1027 3509 1125 3573 clavis
1147 3533 1204 3594 per
1226 3512 1322 3595 pedes
1340 3534 1519 3596 manusque

210 3608 378 3692 transfixa3
402 3607 519 3690 quibus
548 3609 698 3671 extractis
729 3607 852 3692 aegroti
880 3607 1023 3671 membra
1050 3608 1226 3673 solvuntur.
1251 3647 1292 3655 —
1317 3609 1519 3686 Quibuscum

213 3707 357 3772 conferas
382 3728 462 3788 quae
486 3705 571 3789 apud
595 3704 784 3770 Suetonium
806 3705 958 3790 leguntur
981 3707 1019 3769 de
1042 3707 1120 3770 viris
1149 3707 1329 3772 illustribus
1356 3733 1387 3793 p.
1408 3710 1519 3793 122,8
1579 3791 1583 3797 Ι

210 3801 345 3891 Reiff.⁵):
373 3809 501 3884 „veteres
529 3805 749 3869 controversiae
775 3809 831 3868 aut
861 3825 899 3868 ιιι
925 3804 1064 3870 historiis
1091 3805 1303 3890 tradebantur,
1335 3807 1419 3872 siced
1440 3829 1521 3874 sane

301 4055 326 4121 1)
346 4049 417 4106 ὅθεν
436 4051 523 4112 εὐθὺς
541 4049 607 4118 μετὰ
626 4049 678 4118 τὴν
701 4048 777 4104 ἴασιν
799 4058 881 4104 τοῦτο
900 4061 1021 4105 ποιεῖται
1045 4055 1091 4121 (εο.
1112 4051 1294 4121 Sophronias)
1317 4052 1349 4106 τὸ
1372 4052 1520 4124 σύνταγμα

212 4132 376 4201 commo

300 4215 326 4281 2)
347 4212 381 4266 cf.
397 4210 469 4281 Spic.
484 4210 563 4265 Rom.
578 4210 617 4264 ΙΠ
631 4230 656 4280 p.
675 4216 759 4280 129‚1
776 4239 809 4258 =
824 4211 920 4280 Migne
938 4230 963 4281 p.
980 4216 1059 4277 3438,
1076 4216 1116 4264 18.

300 4294 326 4360 3)
345 4301 404 4354 τοῖς
421 4292 609 4362 προλαβοῦσιν
627 4289 705 4360 ἡδέσι
724 4290 760 4344 τὰ
778 4291 906 4360 παρόντα
925 4288 1042 4361 dputes&
1065 4291 1189 4361 (δεκτικὰ
1212 4293 1321 4362 Migne‚
1346 4294 1517 4352 ‘mordacia’

212 4373 242 4426 in
261 4372 407 4426 Anastasii
429 4371 672 4441 interpretatione)
696 4370 935 4441 προσποιήσαντες
958 4369 1061 4439 ἑτέροις
1078 4380 1166 4426 ταῦτα
1185 4382 1315 4441 τερπνοῖς
1333 4375 1520 4446 συγκαλύψα-

211 4472 261 4522 μεν
281 4459 324 4520 32,
339 4453 461 4524 3529J32.
490 4451 579 4523 ἀρχὴν
597 4454 646 4506 καὶ
663 4449 740 4515 τέλος
754 4451 836 4523 ἐχέτω
851 4449 1055 4519 φιλάνθρωπον
1074 4457 1116 4524 50,
1132 4452 1235 4507 36080.
1265 4455 1290 4506 Α
1303 4453 1470 4510 mulieribus
1486 4457 1519 4511 in

210 4534 301 4602 primo
320 4532 416 4587 ordine
434 4532 478 4586 bis
497 4532 639 4602 incipitur,
658 4532 692 4587 cf.
710 4538 753 4599 33,
767 4538 836 4585 3532
847 4532 880 4586 A.
909 4531 979 4602 Bso

300 4615 327 4683 4)
346 4613 425 4682 ἡμεῖς
443 4611 474 4667 δὲ
493 4622 546 4669 νῦν
564 4615 601 4677 ὡς
618 4611 679 4666 τότε
698 4611 835 4679 παρόντες
853 4612 901 4664 καὶ
919 4611 950 4666 τὸ
969 4616 1068 4681 θαῦμα
1086 4614 1225 4682 θεώμενοι
1243 4616 1298 4668 κτλ.

300 4695 326 4764 ὁ)
346 4694 450 4748 Locum
468 4693 538 4748 mihi
556 4691 693 4747 iudicavit
710 4692 857 4746 Usenerus.
