3294 5190
196 332 239 395 96
774 330 865 400 Caput
880 331 927 385 lv.

285 492 400 556 Restat
421 499 459 558 ut
481 494 691 578 inquiramus,
714 493 787 575 quis
810 494 908 556 fuerit
931 493 1065 557 daemon
1089 495 1122 556 in
1151 495 1222 558 vico
1249 493 1417 558 Menutbis
1440 494 1509 558 cul-

196 596 264 674 tus,
295 591 387 654 cuius
418 592 525 656 locum
558 591 725 655 christiani
759 595 956 674 occuparunt
987 596 1153 675 martyres.
1199 589 1336 655 Oracula
1365 592 1509 656 edidisse

195 694 409 774 aegrotosque
432 711 560 753 curasse
583 688 638 752 ille
660 688 808 772 traditur,
830 710 912 772 quae
935 711 1045 752 eorum
1064 689 1196 752 deorum
1215 688 1409 754 Graecorum
1428 695 1509 753 sunt

196 787 375 870 facultates,
398 787 517 870 quibus
540 786 692 850 incubare
715 786 875 870 solebaut3
897 786 1086 851 muliebrem
1109 788 1210 850 fuisse
1233 788 1311 851 item
1334 788 1507 875 constat¹).

195 883 312 949 Nonne
336 885 414 967 quid
438 884 543 968 magis
565 888 687 947 certum
711 885 779 948 crui
803 885 932 968 potest?
972 884 1175 968 Responsum
1197 886 1303 949 reddit
1325 886 1508 970 inscriptio,

197 1006 293 1066 quam
332 982 471 1067 benigna
512 983 652 1045 servavit
690 983 820 1045 fortuna
857 1004 915 1065 per
954 1003 1111 1046 annorum
1153 984 1268 1046 seriem
1310 989 1509 1067 temporum-

196 1103 258 1164 que
287 1080 414 1164 lugam,
446 1101 641 1163 quamquam
674 1080 769 1144 hodic
805 1079 860 1143 ubi
897 1084 1002 1143 exstet
1036 1080 1164 1143 videtur
1192 1081 1358 1145 incertum.
1407 1081 1508 1166 Legis

196 1179 281 1241 enim
305 1178 391 1261 apud
423 1175 608 1240 Kaibelium
631 1176 729 1241 Inscr.
755 1177 807 1242 Gr.
836 1175 897 1240 Sic.
925 1181 958 1239 et
984 1175 1056 1240 Ital.
1088 1201 1135 1242 nr.
1166 1178 1251 1241 1005
1280 1178 1338 1265 (=
1362 1176 1397 1243 C.
1419 1177 1445 1242 L
1470 1177 1506 1242 G.

196 1274 623 1369 1114t383b=Letronue
650 1275 781 1338 Recueil
809 1275 864 1338 des
892 1275 1099 1358 inscriptions
1127 1275 1286 1360 Grecques
1313 1282 1346 1340 et
1371 1276 1507 1340 Iatines

197 1373 236 1436 de
262 1372 413 1458 l’Egypte
435 1371 451 1435 Ι
474 1396 504 1456 p.
523 1372 590 1436 434
613 1396 659 1435 nr.
674 1372 763 1436 XLV
781 1405 824 1426 =
844 1371 999 1437 Gruterus
1026 1372 1125 1438 Inscr.
1148 1379 1213 1438 ant.
1238 1397 1268 1458 p.
1287 1374 1340 1460 85,
1356 1374 1390 1461 1)
1412 1375 1507 1438 baec:

196 1473 310 1535 Είσιόι
336 1473 447 1556 Φαρίᾳ
469 1465 588 1535 Είσιν
610 1472 681 1554 τὴν
708 1470 749 1535 ἐν
771 1467 991 1557 Μενουθλῖ)
1013 1468 1098 1557 ὑπὲρ
1117 1477 1279 1557 σωτηρίας
1301 1481 1362 1537 τοῦ
1383 1476 1507 1558 κυρίου

195 1569 290 1653 ἡμῶν
313 1569 557 1655 αὐτοκράτορος
573 1567 803 1634 Ἀντωνείνον.
848 1567 917 1631 Iam
939 1568 1039 1632 babes
1063 1569 1154 1632 deam
1177 1570 1281 1654 illam,
1303 1569 1421 1634 Isidem
1447 1570 1509 1633 sci·

196 1667 273 1730 licet
300 1667 337 1731 ἐν
364 1668 538 1750 Μενούθι,
566 1667 657 1730 cuius
685 1671 825 1731 statuam
854 1666 961 1729 nescio
989 1667 1062 1750 quis
1089 1667 1182 1730 alteri
1210 1666 1290 1731 Isidi
1317 1672 1406 1732 certo
1432 1667 1507 1732 looo

197 1762 334 1852 cultae⁸)
368 1764 494 1829 dicavit.
540 1764 677 1829 Videtur
708 1763 805 1828 isidis
832 1763 920 1827 illius
948 1763 1054 1828 cultus
1088 1765 1249 1847 quondam
1276 1765 1507 1831 celeberrimus

196 1862 311 1946 fuisse,
334 1862 368 1924 id
391 1862 477 1944 quod
504 1861 715 1945 probabiliter
742 1861 873 1946 collegit
899 1861 1115 1949 Boeckbius⁴)
1143 1885 1183 1926 ex
1210 1861 1313 1926 ludici
1335 1863 1437 1926 maris
1460 1863 1509 1926 in-

197 1959 268 2022 sula
292 1961 489 2036 Μενουθιάς
511 1960 642 2024 nomine
665 1961 802 2024 sortasse
820 1982 839 2022 a
857 1964 957 2023 nauta
980 1960 1120 2043 quodam
1138 1959 1358 2024 Alexandrino
1381 1965 1508 2046 vocata,

197 2057 248 2120 cui
271 2061 384 2120 votum
407 2079 483 2142 erga
506 2056 624 2122 Isidem
649 2063 717 2122 erat
740 2058 929 2122 solvendum
937 2055 973 2142 ⁵).
1018 2056 1108 2121 Idem
1135 2080 1251 2122 nomen
1279 2059 1418 2123 feminae
1442 2059 1508 2123 cui-

197 2155 271 2218 dam
294 2155 489 2218 attributum
515 2155 548 2218 in
574 2156 784 2239 inscriptione
812 2156 952 2219 occurrit
973 2154 1173 2240 Aegyptiaca
1201 2153 1508 2221 c.1.(}.1114814

196 2250 254 2337 (--
277 2252 438 2317 Letronne
461 2252 626 2317 Transeat
650 2255 688 2317 of
707 2255 763 2318 the
786 2254 877 2337 royal
895 2253 1016 2337 society
1036 2255 1073 2317 of
1091 2253 1140 2318 lit.
1162 2253 1195 2318 Π
1209 2253 1327 2340 (1832)
1344 2278 1376 2338 p.
1392 2253 1508 2341 71,8):

197 2351 250 2415 hic
274 2373 401 2434 quoque
425 2374 444 2414 a
467 2352 526 2415 dea
548 2351 605 2415 illa
628 2352 760 2415 ductum
779 2374 848 2416 esse
866 2352 1000 2417 videtur.
1037 2352 1106 2418 Nec
1124 2353 1231 2417 miuus
1250 2375 1287 2417 ea
1308 2375 1344 2416 re
1366 2354 1508 2418 fortasse

197 2454 318 2532 quanta
340 2450 399 2512 dea
427 2449 619 2514 Menutbitis
647 2450 746 2513 fuerit
773 2451 964 2514 auctoritate
992 2450 1186 2534 illustratur,
1214 2451 1300 2533 quod
1326 2450 1441 2514 tabula
1468 2452 1508 2514 de

198 2569 260 2630 qua
284 2570 381 2631 supra
404 2548 545 2611 diximus
568 2547 699 2632 Romae,
723 2548 881 2632 siquidem
904 2550 966 2613 boc
995 2549 1123 2612 credere
1145 2547 1269 2635 licet⁶),
1296 2553 1367 2613 erat
1388 2549 1506 2633 posita.

197 2643 387 2728 Sepulcrum
411 2645 610 2709 Menuthidis
634 2646 800 2710 cuiusdam
822 2669 923 2731 prope
940 2646 1169 2710 Alexandriam
1192 2646 1315 2711 cultum
1337 2647 1451 2732 fuisse,
1473 2647 1508 2710 id

197 2743 282 2826 quod
314 2743 435 2826 optime
463 2743 496 2806 in
525 2744 681 2807 eiusmodi
710 2745 846 2827 quadrat
875 2746 1007 2809 deorum
1038 2745 1289 2829 venerationem,
1316 2745 1402 2830 apud
1429 2745 1509 2830 Epi-

198 2841 354 2925 phanium
377 2840 459 2926 legis
483 2841 517 2904 in
540 2841 744 2929 Ancoratol).
790 2842 843 2906 Ad
865 2844 957 2929 orgia
979 2844 1115 2926 denique
1138 2843 1171 2906 in
1199 2844 1276 2906 deae
1302 2843 1393 2908 illius
1415 2844 1508 2908 cultu

199 2939 321 3002 usitata
343 2939 520 3024 pertinent,
549 2961 630 3022 quae
656 2941 741 3024 apud
769 2942 903 3005 cundem
932 2942 1139 3006 inveniuntur
1166 2941 1355 3025 scriptorem
1382 2941 1508 3008 advers.

197 3038 318 3102 haeres
342 3041 365 3100 t.
384 3035 433 3100 ΠΙ
461 3060 491 3121 p.
513 3037 587 3122 570,
598 3038 641 3101 25
669 3038 778 3103 Dind:
810 3041 868 3115 τὰς
899 3036 937 3104 dl
970 3040 1183 3124 Μεμφίτιθας
1211 3038 1508 3118 Ἡλιονπολίτιδας
1608 3026 1613 3033 ’

198 3136 374 3221 captares,
392 3138 550 3224 τυμπάνῳ
565 3160 600 3201 τε
618 3135 673 3201 καὶ
687 3137 779 3225 αὐλῷ
796 3138 834 3201 τὸ
853 3136 1041 3223 θέλγητρον
1059 3139 1107 3214 είς
1125 3136 1243 3214 ἑαυτάς
1261 3139 1508 3223 λαμβανούσας,

287 3352 313 3418 1)
332 3347 429 3401 addas
449 3349 495 3417 Sp.
510 3348 542 3401 R.
557 3348 597 3401 IV
612 3355 676 3402 252:
696 3346 765 3410 ὅλως
783 3347 871 3416 κνρὰ
889 3349 938 3402 nol
955 3349 1025 3411 θεὸς
1043 3345 1116 3404 εἶναι
1135 3350 1256 3413 δυνατὸς
1273 3351 1322 3404 καλ
1339 3360 1507 3419 προσκυνεί-

197 3430 267 3481 σθαι
284 3427 377 3482 ettae·
397 3427 428 3482 ἐν
446 3438 506 3491 τοῖς
523 3426 655 3497 δαίμοσιν
674 3430 725 3483 οὐκ
744 3428 817 3483 ἔστιν
836 3427 902 3482 οὐδὲ
922 3429 1007 3497 ἄρρεν
1026 3428 1092 3484 οὐδὲ
1110 3433 1193 3499 θῆλυ.
1217 3432 1266 3485 ιιαλ
1288 3428 1401 3502 βλέπετε
1418 3429 1507 3488 ποίαν

198 3506 308 3577 ἔχουσιν
326 3505 501 3575 προαίρεσιν·
522 3506 657 3578 ὀνόμασιν
676 3517 850 3579 γυναικῶν
869 3512 1017 3563 καλεῖσθαι
1035 3510 1192 3581 βούλονται.

287 3591 315 3658 2)
335 3587 454 3642 Videtur
472 3588 576 3642 rectius
594 3589 736 3644 Μενοίθι.
1530 3645 1533 3649 .

286 3673 313 3737 3)
331 3669 379 3735 „ll
400 3669 482 3740 a’apit
504 3669 587 3735 dono,
610 3671 661 3735 ici,
685 3669 718 3723 dc
740 3670 769 3723 λα
791 3671 977 3725 οονεέσνοίίον
999 3672 1032 3725 dc
1055 3672 1084 3726 la
1105 3677 1194 3726 statue
1216 3672 1299 3726 άάιιο
1316 3672 1372 3726 Isis
1395 3672 1505 3728 ‘locale’

198 3749 269 3804 dans
287 3749 311 3803 lc
328 3750 424 3818 temple
442 3750 525 3805 d’wne
542 3757 621 3804 outre
638 3751 694 3804 Isia
714 3750 845 3804 ‘localem
862 3750 1001 3805 Letronne
1019 3770 1045 3821 p.
1060 3757 1121 3805 434.

285 3833 313 3899 4)
332 3829 377 3883 Ad
400 3829 429 3883 C.
449 3830 469 3883 I.
489 3830 521 3884 G.
541 3829 693 3883 messab.
731 3829 797 3883 Loci
815 3830 922 3885 ibidem
940 3848 1067 3886 necnon
1092 3832 1169 3901 apud
1189 3832 1372 3887 Letronnium
1395 3850 1425 3902 p.
1444 3838 1506 3888 436.

198 3908 323 3963 Insulam
341 3909 392 3964 clii
412 3909 630 3980 ‘Madagascar’,
650 3908 700 3962 alii
721 3909 879 3966 ‘Zauzibar’
900 3929 960 3967 esse
979 3913 1109 3982 credunt3
1128 3920 1212 3983 νῆσος
1230 3909 1384 3975 Αἰθιοπίας
1408 3913 1507 3984 Stepb.

196 3988 261 4059 Byr,
282 4008 302 4044 s.
322 4009 347 4044 v,
366 3987 523 4052 Μένονθις.

286 4073 313 4140 5)
333 4070 379 4124 Sic
396 4070 536 4125 Letronne
555 4088 581 4139 p,
596 4076 656 4125 436.

286 4154 313 4220 6)
333 4149 468 4204 Grutems
487 4150 618 4205 adnotat:
637 4152 769 4220 „Romae
787 4154 819 4207 in
835 4154 933 4210 Coritii
946 4154 1083 4223 quondum
1101 4153 1206 4210 domo“.
1240 4155 1442 4223 „Prome
1459 4154 1511 4210 aar

195 4232 355 4302 νσροτίσνίι
374 4231 473 4286 Melet.
495 4230 607 4287 Fossati
624 4233 655 4286 di
673 4234 782 4288 Ronm“
799 4234 891 4303 Lopez
910 4233 986 4302 apud
1005 4233 1085 4287 Kaib.
1122 4236 1261 4302 ,J'ormoc
1283 4236 1316 4289 ιἰι
1336 4252 1430 4291 museo
1450 4239 1509 4306 (ac-

196 4313 286 4381 ηαίιίο
309 4314 395 4365 1843:
419 4311 543 4380 Luper)“
566 4311 706 4366 Bormann
730 4331 774 4383 ap.
800 4314 882 4369 Kaib.
919 4313 1042 4380 „Itomae
1064 4317 1175 4370 titulum
1195 4317 1317 4386 positum
1343 4317 1433 4383 fuisse
1459 4334 1511 4374 ιιοσ

196 4391 379 4446 moneare
395 4407 444 4444 uec
460 4393 557 4461 νσραιί
570 4397 678 4462 μοναί(
695 4393 756 4462 ipse
775 4393 884 4448 Kaibel.

286 4474 312 4540 7)
333 4469 469 4541 Κάνωβος
481 4491 511 4525 τε
524 4471 540 4526 ὁ
554 4474 703 4529 Μενελάου
716 4473 886 4546 κυβερνήτης
900 4474 947 4526 καί
962 4472 980 4542 ἡ
994 4475 1095 4529 τούτου
1109 4477 1179 4547 μονὴ
1200 4478 1380 4547 Εὐμενοοθλς
1395 4477 1512 4548 (legunt

195 4551 250 4605 viri
268 4550 360 4605 critici
378 4549 535 4622 Μίνονθις,
555 4573 578 4608 v.
598 4555 728 4610 Letronn.
748 4559 851 4623 pasc,
867 4557 893 4623 1)
913 4552 944 4607 ἐν
962 4555 1006 4623 (=
1021 4556 1091 4623 πρὸς
1108 4557 1181 4611 Letr.
1201 4557 1240 4612 ib.
1259 4558 1324 4612 adn.
1339 4560 1367 4628 2)
1381 4555 1511 4625 Ἀλεξάν-

195 4628 276 4706 δρείᾳ
290 4628 461 4701 τεθαμμένοι
475 4642 608 4701 τιμῶνται
626 4635 710 4703 πρὸς
728 4642 766 4705 τῇ
785 4633 872 4704 ὄχθῃ
890 4642 948 4703 τῆς
965 4635 1155 4706 θαλάσσης,
1174 4638 1232 4692 ἀπὸ
1247 4637 1370 4692 ὃειιαδάο
1384 4637 1513 4709 σημείων

195 4713 339 4775 διεστῶτες
356 4712 494 4783 Epiphan.
514 4713 613 4768 Ancor.
631 4719 681 4768 106
700 4733 726 4783 p.
743 4719 804 4784 209,
819 4719 852 4767 26
871 4713 954 4770 Dind.
