3294 5190
216 295 278 358 128
797 295 936 349 Laudatio
1320 301 1363 362 ιε,
1372 301 1472 364 ι-ιι,
1484 301 1516 350 11

213 459 299 524 οὕτω
323 481 358 523 τε
380 460 506 544 πλήρης
528 458 566 522 τὸ
590 469 683 543 σῶμα
706 457 762 523 καὶ
785 460 898 543 άρτιος
921 461 1058 542 γίνεται,
1117 459 1200 524 ώστε
1225 463 1423 544 Θεοφανίων
1447 459 1520 525 ἐπι·

212 556 374 640 κειμένων
397 557 495 640 άμφω
518 556 564 620 τώ
588 565 676 640 χεῖρε
698 568 805 621 κινεῖν
827 557 911 642 πρὸς
933 558 1025 642 ἔργα·
1049 559 1111 639 τήν
1132 580 1168 621 τε
1190 559 1253 640 γάρ
1276 561 1520 644 κολυμβήθραν

212 657 314 739 μόνος
337 654 571 740 ἀνεπλήρωσεν
593 654 724 737 ὕδατος,
796 660 901 737 αῖρων
923 655 961 718 τὸ
984 655 1086 736 ἀγγος
1108 663 1148 739 τῇ
1170 653 1378 741 τεθλασμένη
1401 656 1520 740 πρώην

211 750 296 837 χειρὶ
318 750 374 816 καὶ
397 752 480 835 πρὸς
499 752 610 835 ώμους
627 750 851 837 εὐμαρέστατα
873 754 951 816 λίαν
973 751 1153 836 ἀναβιβῶν,
1176 754 1238 836 τήν
1260 776 1295 818 τε
1317 754 1423 836 ἀλλην
1446 754 1519 817 δια-

176 874 202 913 ιο
211 852 330 914 κονίαν
353 849 525 936 εὐρώστως
548 849 759 933 ποιούμενος·
824 849 929 926 οὕτως
948 844 1019 914 οἶδε
1039 849 1122 925 Θεὸς
1142 847 1368 914 ἀναπλάσσειν
1390 847 1445 914 καὶ
1470 852 1519 927 είς

213 950 351 1034 φθοράν
373 945 580 1031 καταχθέντα
602 949 643 1011 τὰ
666 948 806 1031 σώματα.

168 1066 206 1120 16
301 1053 411 1140 ἕτερός
424 1078 475 1130 τις
489 1052 647 1140 δέκαρχος
662 1053 699 1118 ἐν
717 1062 940 1142 στρατιωτικῷ
958 1054 1097 1138 τάγματι
1116 1052 1364 1138 ἀριθμούμενος
1426 1052 1518 1140 (όνο-

211 1175 256 1237 μα
271 1148 307 1216 δέ
322 1153 428 1240 τούτῳ
444 1152 610 1238 Γεώργιος
620 1146 705 1237 [ήνΙΙ
747 1154 794 1227 είς
808 1154 848 1217 τά
862 1151 967 1217 ὀπίσω
977 1152 1038 1235 τήν
1050 1152 1200 1236 κεφαλήν
1213 1151 1492 1238 ἀντανίστραπτο,

212 1248 245 1327 ἐξ
270 1248 421 1325 ἐναντίας
444 1273 535 1325 τινος
558 1248 730 1326 ἐπιπνοίας
748 1260 816 1314 τῶν
832 1249 939 1333 ηνίων
956 1247 1213 1334 ὑπερτωθέντων
1230 1273 1265 1315 τε
1282 1248 1338 1314 καὶ
1356 1249 1519 1335 ἀπεσκλη-

210 1349 319 1411 κότων
341 1348 431 1434 αὐτῷ
453 1345 509 1411 καὶ
531 1355 592 1412 τοῦ
615 1345 777 1423 τένοντος.
837 1347 891 1431 [οὐ
914 1351 1020 1432 μόνον
1042 1345 1079 1412 δὲ
1102 1347 1186 1413 ἀλλὰ
1209 1349 1273 1434 γάρ
1296 1346 1352 1413 καὶ
1374 1349 1436 1413 τὸν
1458 1347 1519 1412 ἕνα

187 1444 390 1529 εόφθαλμὸν
421 1443 615 1529 ἀπηλπίσθη
642 1447 804 1528 γενναίως
834 1454 956 1510 τοῦτον
986 1445 1143 1530 βλαβείς]
1175 1439 1274 1521 οὗτος
1301 1443 1519 1511 ἑπτακαίδεκα

209 1541 331 1629 ἡμέρας
355 1541 503 1607 ἐτέλεσεν
579 1543 623 1627 μή
646 1540 807 1626 δυνηθεὶς
834 1544 1017 1628 βρωμάτων
1040 1542 1060 1626 ή
1083 1541 1139 1607 καὶ
1165 1551 1270 1608 ποτοῦ
1293 1542 1517 1627 μετασχέσθαι

211 1641 248 1704 τὸ
276 1642 430 1706 σύνολον.
512 1639 653 1724 ὕστερον
681 1642 719 1705 τὸ
750 1651 909 1706 συνοῖσον
939 1642 1141 1724 σκεψάμενος
1214 1651 1315 1724 χωρεῖ
1342 1641 1425 1726 πρὸς
1457 1642 1517 1706 τὸν

210 1739 317 1821 άγιον,
377 1736 432 1802 καὶ
455 1742 658 1822 παραμείνας
680 1735 802 1823 ἡμέρας
821 1739 914 1814 τινάς
935 1738 1079 1820 ἤκουσεν
1102 1737 1205 1803 αὐτοῦ
1228 1737 1358 1826 ἀοράτῳ
1382 1739 1517 1824 γλώσση

208 1837 287 1899 τάδε
309 1836 517 1912 κελεύοντος·
562 1835 628 1899 ὑπὸ
651 1843 712 1899 τοῦ
734 1837 923 1919 πρόσμονός
946 1860 1021 1919 μου,
1045 1838 1159 1920 φησίν,
1183 1834 1281 1924 ἐλαίφ
1304 1835 1494 1920 ἀλείφθητι.

173 1959 199 1998 ω
208 1941 307 1996 τοῦτο
331 1932 471 2016 ἐγένετο,
538 1930 593 1997 καὶ
617 1930 635 1996 ό
659 1931 743 2017 ἀνήρ
768 1932 871 2009 εὐθὺς
893 1933 991 2018 ὑγιής
1013 1932 1229 2017 ἀνεχώρησεν.

297 2040 397 2115 ἀλλος
419 2041 607 2125 παράλυτος
694 2040 867 2124 Θεόδωρος
894 2039 1174 2124 ἐπονομαζόμενος
1254 2037 1411 2127 (καὶγὰρ
1436 2037 1516 2104 οὐδὲ

208 2147 276 2201 τῶν
299 2136 474 2222 ὀνομάτων
496 2136 700 2222 ἀμνημονεῖν
724 2136 829 2202 ἐθέλω
851 2147 891 2223 τή
914 2137 1094 2223 ἀναμνήσει
1117 2135 1332 2224 τερπόμενος)
1422 2161 1517 2202 κατε-

207 2233 289 2318 τέθη
314 2234 436 2300 ἐνθάδε
459 2233 581 2320 ἡμέρας
603 2236 791 2321 τριάκοντα,
875 2233 930 2300 καὶ
955 2237 996 2319 δή
1019 2242 1141 2320 θεωρεῖ
1167 2237 1227 2300 τὸν
1252 2236 1517 2321 θαυματουργὸν

210 2331 404 2397 ἐπιδιδόντα
427 2334 535 2416 δῆθεν
558 2333 647 2419 αὐτῷ
670 2333 772 2417 άρτον
790 2357 825 2398 τε
842 2331 898 2398 καὶ
915 2339 1037 2419 πλῆρες
1055 2331 1202 2418 ἀκράτου
1219 2334 1387 2416 ποτήριον.
1435 2332 1517 2397 ἀνα-

172 2455 197 2495 15
206 2433 350 2507 καθίσας
376 2427 412 2495 δὲ
436 2432 472 2496 τὸ
497 2432 609 2495 δοκεῖν
630 2431 715 2514 πρὸς
737 2431 774 2495 τὸ
799 2429 957 2509 δέξασθαι
1041 2429 1111 2495 κατ’
1139 2430 1240 2513 αὐτῆς
1263 2429 1471 2514 ἀνεπήδησεν

207 2526 260 2610 [ἐν
284 2527 426 2615 άληθείηι
449 2529 628 2604 διαναστάς
654 2529 783 2615 κράζων
804 2528 859 2593 καὶ
883 2531 987 2593 αἰνῶν
1013 2529 1073 2594 τὸν
1102 2527 1211 2611 ΘεόνΙ.
1239 2528 1284 2605 ὡς
1310 2525 1424 2612 ταχεῖά
1452 2544 1517 2593 σου

205 2625 308 2711 πάτερ
343 2626 506 2712 Θεράπων
533 2626 553 2709 ή
583 2632 679 2709 ίασις,
759 2630 818 2691 καί
845 2643 907 2692 σου
936 2636 976 2712 τῇ
1006 2625 1151 2711 εὐφημίᾳ
1181 2626 1376 2709 συνήδομαι,
1457 2624 1515 2689 καὶ

206 2718 308 2800 αὖθις
332 2726 414 2808 πρὸς
438 2727 519 2790 ἀλλο
541 2732 658 2809 θαῦμα
680 2728 875 2811 προβαίνειν
898 2725 1039 2809 ἐφίεμαι.

162 2845 197 2899 17
298 2833 414 2916 κόριόν
437 2855 468 2896 τι
492 2834 712 2918 σμικρότατον
756 2830 968 2918 προσηνέχθη
991 2838 1038 2918 τῷ
1060 2832 1144 2918 θείφ
1169 2830 1382 2914 Θεράποντι.Ι
1413 2839 1515 2895 τοῦτο

208 2925 245 2992 δὲ
274 2929 409 3013 σφάλμα
438 2929 569 3013 φάσεως
595 2924 638 3012 ήν
665 2930 745 3015 ὅπερ
777 2927 832 2993 καὶ
859 2930 942 3013 πρὸς
969 2929 1030 3012 τήν
1058 2927 1160 3012 ἕδραν
1189 2923 1255 3012 εἶχε
1285 2930 1343 3004 τάς
1370 2925 1516 3014 πτέρνας

207 3026 431 3110 ἐμπεπηγυίας
453 3024 508 3092 καὶ
532 3027 641 3113 ὥσπερ
664 3030 766 3113 κόλλη
789 3025 856 3092 τινὶ
880 3029 1132 3112 συμπεφυκυίας
1155 3029 1271 3110 βιαίως
1288 3023 1344 3090 καὶ
1368 3027 1516 3091 συνδου-

206 3123 306 3209 μένας
330 3124 438 3211 ὥσπερ
463 3125 499 3190 ἐκ
522 3127 664 3208 φύσεως,
731 3124 841 3210 θέαμα
864 3127 968 3202 όντως
991 3125 1136 3191 ἐλεεινὸν
1158 3122 1212 3189 καὶ
1236 3123 1332 3202 ξένον
1349 3131 1408 3208 τής
1430 3122 1510 3188 καθ’

182 3221 289 3306 ιὴμῖις
312 3223 508 3307 οὐσιώσεως,
577 3223 656 3308 ὅπερ
680 3224 767 3299 είκὸς
794 3223 1047 3307 ἀμβλωθρίδιον
1118 3221 1138 3306 ή
1162 3222 1335 3309 τεράστιόν
1356 3245 1407 3297 τις
1431 3221 1515 3286 ὠνό-

203 3337 317 3406 μασεν.
406 3321 490 3387 ἀλλὰ
513 3321 573 3404 τήν
601 3324 785 3407 θεραπείαν
817 3321 904 3398 ὅπως
938 3319 1073 3405 ἑτοίμως
1101 3319 1118 3384 ὁ
1146 3319 1247 3404 μέγας
1278 3317 1334 3384 καὶ
1361 3317 1512 3402 ἀψευδής

204 3420 395 3502 εἰσήνεγκεν
418 3419 528 3503 ἰατρὸς
542 3422 578 3483 τί
594 3421 645 3485 δεῖ
662 3416 718 3483 καὶ
736 3418 956 3510 προφέρεθαι,
1031 3420 1196 3502 παρόντος
1214 3425 1274 3482 τοῦ
1293 3415 1440 3503 βρέφους
1458 3415 1515 3480 καὶ

205 3528 272 3582 τῶν
295 3516 424 3601 γονέων
448 3516 679 3602 ἐξηγουμένων
702 3517 762 3600 τήν
783 3523 886 3582 ἴασιν.

294 3623 363 3690 κατ’
383 3624 489 3691 ἐκεῖνο
504 3622 541 3689 δὲ
561 3633 620 3689 τοῦ
638 3633 758 3712 καιροῦ
776 3626 936 3711 καρκίνον
955 3620 1041 3708 εἶχεν
1065 3621 1158 3709 ἑτέρα
1176 3626 1294 3709 Μαρία
1317 3624 1354 3688 τὸ
1369 3624 1487 3708 ὄνομα,

173 3749 199 3788 ιο
209 3721 263 3787 καὶ
293 3725 352 3788 τὸν
382 3723 557 3810 εὐκτήριον
591 3732 711 3789 τοῦτον
743 3723 999 3809 καταδραμοῦσα
1033 3719 1120 3787 νεών
1152 3719 1249 3808 ἀπρὶξ
1282 3727 1385 3805 εῖχετο
1417 3720 1515 3808 μέχρι

204 3831 318 3906 τυχεῖν
340 3830 397 3905 τῆς
422 3821 547 3898 ίάσεως.
619 3821 865 3908 τεσσαράκοντα
888 3818 925 3886 δέ
947 3818 1070 3907 ἡμέρας
1093 3818 1130 3884 ἐν
1152 3821 1287 3906 νηστεία
1313 3817 1368 3884 καὶ
1396 3842 1516 3902 χαμευ-

203 4004 414 4011 ——-———-—-

293 4118 308 4167 8
328 4112 481 4182 ἀνέπλησεν
499 4113 529 4166 Μ
545 4116 549 4183 Ι
564 4110 740 4183 τεθλαμμένη
760 4113 790 4167 Μ
816 4111 994 4187 τεθραμμένη
1012 4113 1038 4166 Α
1054 4115 1058 4182 Ι
1074 4113 1172 4182 πρώην
1191 4128 1243 4166 om.
1263 4109 1293 4162 Μ
1314 4113 1318 4179 Ι
1339 4116 1354 4164 9
1374 4110 1512 4179 εὐμαρεί-

202 4194 307 4249 ταταΑ
323 4196 327 4263 Ι
344 4199 378 4247 10
396 4193 469 4264 άγαν
488 4196 553 4263 post
572 4194 712 4263 εὐρώστως
731 4195 794 4249 add.
805 4194 835 4247 M
848 4199 857 4265 ΙΙ
873 4201 941 4263 16,4
955 4204 1011 4249 τῶν
1026 4191 1183 4262 ἀφθαλμσιν
1196 4192 1226 4245 Μ
1242 4195 1246 4261 Ι
1263 4189 1461 4262 ῖάπελνπήθη
1472 4191 1511 4263 ΑΙ

204 4280 237 4328 12
257 4274 391 4345 ἀμνήμων
409 4272 483 4329 ἐῖναι
500 4273 575 4329 θέλω
592 4276 621 4329 Μ
646 4279 650 4345 Ι
668 4274 782 4344 Ικατέθη
803 4276 827 4328 Α
852 4279 856 4344 Ι
883 4280 915 4328 13
931 4273 1013 4344 ἅγιον
1034 4273 1220 4343 ἰ’ἐρομάρτυρα
1233 4271 1360 4341 μοελτδν
1379 4270 1444 4325 add.
1465 4271 1512 4344 ΜΙ

203 4355 367 4423 θεράποντα
385 4358 449 4424 post
467 4359 590 4424 θαυματ.
611 4356 675 4411 εδδ.
694 4357 723 4410 Μ
739 4359 743 4425 Ι
761 4360 794 4408 14
813 4355 995 4409 ἐπιδιδοῖντα
1014 4354 1043 4407 Μ
1060 4358 1063 4423 Ι
1080 4355 1128 4408 καὶ
1147 4371 1199 4408 om.
1219 4352 1249 4405 M
1265 4355 1269 4422 Ι
1287 4357 1320 4405 16
1334 4349 1449 4422 ταχίστη
1463 4351 1512 4423 ΜΙ

204 4441 236 4489 17
255 4433 385 4503 θεράπον
404 4435 432 4488 Μ
446 4438 455 4506 ΙΙ
470 4441 541 4504 17,1
562 4436 639 4491 πάνυ
657 4438 722 4506 μυεῖ
740 4453 828 4504 σμικρ.
849 4435 913 4488 add.
928 4434 958 4487 Μ
974 4436 978 4502 Ι
994 4434 1082 4507 τοότφ
1101 4434 1125 4487 Α
1141 4437 1145 4502 Ι
1162 4438 1177 4486 3
1196 4451 1253 4487 τινι
1275 4430 1358 4501 κόλλη
1377 4431 1407 4485 Μ
1423 4435 1427 4502 Ι
1444 4449 1512 4500 συμ-

203 4514 398 4584 πεφυκυῖανΑ
414 4518 418 4584 Ι
435 4515 546 4579 4όντως
558 4519 624 4571 ante
639 4515 817 4584 ώνόμασενΑ
833 4518 837 4584 Ι
854 4513 1012 4583 ότέραστης
1021 4514 1046 4566 Α
1063 4517 1066 4584 Ι
1083 4520 1098 4567 6
1110 4511 1223 4582 ἑτοίμως
1233 4529 1286 4567 om.
1299 4513 1323 4566 A
1339 4516 1343 4582 Ι
1361 4518 1376 4565 7
1387 4511 1423 4582 δὴ
1433 4511 1495 4565 ΑΜ
1507 4505 1511 4578 Ι

202 4593 415 4665 προσφέρεσθαι
432 4596 458 4649 A
473 4601 477 4667 Ι
494 4604 509 4650 9
524 4595 621 4670 ἐκείνῳ
641 4640 646 4651 .
667 4640 673 4651 .
692 4601 729 4669 τῷ
748 4601 836 4668 καιρῷ
851 4596 877 4648 Α
904 4592 1014 4652 εκείνον
1033 4639 1039 4650 .
1057 4637 1063 4648 .
1078 4602 1127 4648 τοῦ
1141 4601 1241 4663 καιροῦ
1260 4593 1290 4646 Μ
1314 4609 1382 4647 corr.
1402 4593 1513 4648 Rader-

202 4676 315 4730 macher
331 4678 335 4749 Ι
353 4682 383 4730 11
404 4694 450 4731 τεσ
467 4677 579 4732 litterae
599 4677 701 4730 desunt
718 4675 748 4728 in
766 4676 796 4729 M
