3294 5190
577 332 618 386 De
636 331 818 386 incubatione
837 332 999 388 christiana.
1443 336 1483 399 61

177 495 284 559 nautis
304 496 435 560 adorare
454 495 592 560 refertur
611 495 832 579 Maximinum,
848 517 911 578 quo
930 495 1016 561 facto
1031 493 1088 582 (E)
1102 498 1225 580 ‚station
1236 549 1242 562 .
1254 548 1260 560 .
1271 546 1278 561 .
1288 498 1392 562 ciram
1404 499 1487 562 inta-

177 595 241 659 itas
264 599 308 659 est
329 595 570 675 splendidam
593 590 646 680 (cf.
670 616 700 676 p.
721 590 829 678 lOsq.)
858 593 951 658 aetati
973 594 1018 659 sot
1043 599 1115 657 ante
1140 615 1251 659 nacern
1277 614 1375 676 snpra
1401 616 1488 659 neore

176 697 322 756 manac.
352 730 394 737 —
422 691 521 755 Punit
549 690 757 773 Maximinus,
786 690 818 753 id
846 690 933 773 quod
955 688 1139 774 Aesculapii
1167 691 1285 754 iamata
1311 690 1487 775 Epidauria

177 790 211 853 in
234 794 375 854 mentem
398 811 546 853 revocare
565 793 681 872 potest,
705 789 935 853 obtrectatores
955 811 1037 853 suos.
1075 787 1187 871 ltaque
1206 790 1264 873 vir,
1284 789 1339 872 qui
1359 812 1485 854 servum

177 888 353 971 appellavit
386 892 544 971 sanctum,
577 887 611 951 in
648 886 800 970 sphaerae
832 886 969 950 formam
1007 886 1221 972 contrahitur3
1254 887 1367 951 deinde
1397 895 1486 972 „ante

177 991 319 1051 sonatan
342 985 442 1050 attam
464 986 627 1068 deponitur
646 1036 652 1048 .
673 1037 679 1049 .
700 1037 706 1048 .
725 986 847 1050 sanitas
866 1034 873 1047 .
893 1035 899 1047 .
920 1037 926 1048 .
944 985 1103 1049 redditnd‘
1126 1007 1157 1067 p.
1177 985 1218 1050 27
1229 984 1264 1048 F.
1300 985 1483 1069 Presbyter,

178 1085 233 1167 qui
268 1106 364 1168 super
395 1083 556 1147 tumulum
589 1082 759 1146 Maximini
790 1083 1000 1166 peieraverat,
1029 1082 1126 1165 paulo
1159 1086 1233 1165 post
1264 1084 1414 1167 moritur,
1442 1084 1484 1148 ib.

173 1204 204 1265 p.
224 1183 264 1244 21
277 1180 315 1245 Α.
353 1181 500 1265 Denique
524 1183 558 1245 in
580 1181 644 1245 fine
668 1181 860 1245 collocemus
883 1180 1052 1245 historiam
1072 1180 1302 1264 delectabilem,
1321 1183 1482 1265 quomodo

176 1283 305 1343 sanctus
331 1277 540 1344 Gisilbertum
570 1279 696 1362 ducem,
721 1280 777 1362 qui
800 1279 987 1343 monasterii
1011 1279 1126 1342 fratres
1154 1279 1362 1363 „intolerabili
1384 1281 1484 1363 afflie-

174 1378 272 1443 tione“
302 1378 467 1462 depressit,
491 1377 697 1462 castigaverit
720 1375 764 1464 (p.
784 1378 826 1442 28
837 1374 893 1464 B):
921 1376 1036 1441 fratres
1059 1377 1240 1462 ,concnam
1262 1378 1297 1442 in
1319 1378 1401 1443 inne
1422 1400 1484 1444 eno

174 1477 250 1540 dnm
287 1481 480 1561 restaurant,
522 1477 636 1540 seilicet
675 1478 719 1540 ad
755 1475 869 1557 Royan
908 1496 1015 1559 repara
1052 1475 1235 1540 Maximino
1266 1477 1485 1559 patrocinante

176 1595 268 1660 snam
306 1577 424 1639 mando
456 1575 570 1657 reterre
601 1575 764 1656 neyotinn.
792 1576 874 1655 qaod
910 1595 979 1638 carn
1015 1573 1205 1654 aliquandiu
1240 1573 1328 1638 band
1353 1576 1484 1657 segniter

172 1677 321 1754 operetur,
344 1674 482 1754 quadam
499 1677 605 1736 noete
629 1672 813 1736 concubitis
831 1671 1035 1736 Macriniana
1057 1673 1097 1735 in
1120 1672 1264 1737 cisione
1287 1673 1360 1737 daei
1381 1676 1482 1755 qnie-

174 1771 293 1834 scenti
310 1771 509 1852 snpnoenit.
530 1821 536 1834 .
557 1770 678 1835 intera
696 1791 734 1834 ae
751 1770 895 1851 scopans
913 1769 1046 1852 stayettis
1068 1771 1220 1835 caedendo
1239 1771 1364 1836 liventes
1381 1774 1485 1837 reddit

172 1868 336 1948 statimqne
359 1864 641 1954 disparuit(C).“

265 1963 302 2028 In
325 1964 420 2028 ltalia
443 1965 605 2049 superiore
629 1965 801 2029 incubandi
825 1988 918 2029 usum
942 1989 1042 2050 usque
1071 1966 1111 2030 ad
1138 1957 1304 2032 saeculum¹
1323 1968 1482 2032 decimum

175 2065 301 2125 sextum
324 2062 511 2146 perdurasse
536 2066 673 2127 testatur
692 2060 848 2148 Georgius
867 2062 1042 2149 Fabricius,
1067 2065 1122 2148 qui
1141 2066 1175 2129 in
1194 2066 1423 2129 commentario
1448 2067 1481 2128 in

173 2165 341 2244 poetarum
366 2165 509 2225 veterum
538 2162 826 2227 ecclesiasticorum
855 2162 1029 2226 christiana
1056 2185 1153 2248 opera
1180 2162 1359 2246 1172178,
1383 2187 1411 2228 v.
1436 2165 1482 2227 in-

173 2258 302 2322 cubatio
338 2259 415 2322 dicit
448 2258 624 2336 „Potae-ii
656 2266 737 2324 certo
770 2265 854 2324 nocte
886 2261 920 2324 in
952 2262 1019 2325 dini
1052 2262 1186 2326 Antonii
1221 2262 1423 2326 adolescentes
1454 2268 1483 2325 et

168 2356 293 2438 praedas
316 2358 495 2422 rusticanas
516 2358 672 2436 inaniore,
695 2378 727 2422 eo
750 2358 899 2436 coenobio,
921 2379 980 2440 qno
1002 2359 1124 2423 thnrn
1146 2359 1237 2424 alind
1264 2380 1301 2423 ea
1324 2360 1480 2442 1117161711-
1543 2395 1545 2399 >

172 2457 340 2535 quentins“.
387 2455 525 2519 Videtur
551 2478 618 2520 non
644 2456 765 2520 nullius
793 2478 861 2520 esse
889 2457 1058 2538 momenti,
1086 2457 1173 2540 quod
1205 2457 1289 2521 idem
1317 2456 1479 2521 Antonius

134 2570 136 2574 ·
170 2553 255 2634 apud
287 2554 457 2636 pontifices
485 2554 606 2617 morbis
634 2553 753 2618 mederi
782 2554 911 2637 dicitur,
939 2555 978 2618 cf.
1006 2555 1095 2619 Vink
1121 2552 1344 2619 Amoenitates
1375 2555 1480 2638 philo-

170 2650 430 2736 logiae-medicae
463 2676 494 2736 p.
515 2653 565 2716 73.
621 2651 673 2715 Ad
704 2653 852 2716 Latium
879 2653 900 2716 i.
924 2675 948 2716 e.
978 2653 1115 2717 mediam
1144 2652 1271 2717 ltaliam
1305 2653 1479 2738 pertinent,

170 2771 251 2831 quae
275 2772 373 2833 supra
399 2774 429 2834 p.
449 2750 545 2833 disq.
574 2751 612 2814 de
635 2750 785 2814 Redemti
808 2751 996 2815 Ferentinae
1020 2752 1160 2816 civitatis
1184 2752 1328 2836 episcopi
1352 2753 1477 2816 visione

169 2848 371 2928 protulimus.
408 2847 447 2911 In
465 2848 611 2912 Romana
634 2850 767 2914 ecclesia
790 2850 873 2914 cirea
895 2872 1014 2914 annum
1033 2850 1099 2913 220
1118 2851 1356 2915 incubationem
1379 2850 1478 2913 fuisse

170 2945 414 3010 usitatissimam
443 2969 481 3010 ex
510 2946 683 3030 Hippolyti
716 2948 891 3012 canonibus
899 2944 924 3033 ¹)
957 2952 1102 3031 apparet,
1131 2947 1186 3010 ubi
1220 2949 1373 3032 leguntur
1400 2947 1479 3010 haec

169 3040 293 3128 (XXIV
312 3043 375 3106 221
398 3066 428 3125 p.
446 3042 537 3130 123):
561 3047 634 3125 „qni
660 3051 763 3109 antem
781 3047 946 3127 proynianc
969 3047 1095 3109 dornnrn
1117 3044 1217 3122 habet,
1241 3047 1366 3126 qnando
1388 3047 1478 3127 inyir-

169 3145 286 3217 matur,
321 3161 384 3204 non
421 3143 630 3224 transferatur
656 3143 692 3205 in
727 3144 852 3207 domam
879 3143 956 3222 Dei,
983 3144 1037 3207 sed
1064 3147 1128 3206 oret
1154 3144 1378 3218 tantammodo,
1407 3147 1480 3206 tnnc

169 3238 277 3300 redeat
297 3238 333 3300 in
355 3239 481 3301 donnana
503 3243 620 3302 seond.
667 3238 755 3314 Quae
779 3243 891 3303 contra
909 3239 1082 3303 incubandi
1105 3239 1255 3303 videlicet
1283 3261 1377 3303 usum
1401 3244 1477 3303 sunt

169 3333 353 3416 constituta,
377 3333 416 3398 cf.
435 3331 566 3400 Achelis
590 3360 621 3418 p.
641 3337 715 3400 208.

258 3431 373 3496 Multis
397 3433 476 3497 locis
499 3432 612 3497 Italiae
632 3434 793 3498 inferioris
812 3436 910 3499 etiam
928 3440 1039 3501 nostra
1057 3440 1161 3500 aetate
1179 3436 1325 3501 incubari
1343 3437 1475 3502 adnotat

169 3529 270 3594 Trede
294 3530 360 3595 Das
388 3530 584 3595 Heidentum
613 3533 647 3595 in
675 3532 731 3596 der
757 3534 939 3598 riimischen
966 3534 1085 3599 Kirche
1113 3533 1160 3599 IV
1184 3559 1213 3618 p.
1236 3535 1307 3599 177.
1353 3533 1392 3599 In
1414 3536 1476 3599 cla—

168 3629 296 3692 rissimo
321 3628 435 3694 Matris
458 3629 591 3694 Domini
615 3652 704 3694 sacro
728 3653 830 3716 prope
853 3632 965 3695 urbem
989 3631 1137 3696 Nocere
1160 3633 1223 3697 sito
1246 3656 1303 3716 per
1326 3654 1474 3697 somnum

168 3725 315 3791 homines
345 3727 453 3792 divino
482 3728 634 3792 fruuntur
662 3731 797 3794 consilio
822 3728 901 3818 (ib).
948 3728 1075 3795 Similia
1102 3731 1136 3793 in
1164 3728 1342 3795 Calabria
1370 3733 1475 3797 obser-

169 3825 238 3888 vari
261 3829 409 3909 possunt:
434 3826 484 3890 die
504 3831 617 3892 octavo
637 3829 838 3913 septembris,
861 3851 934 3892 cum
953 3828 1132 3893 Madonnae
1152 3829 1184 3891 di
1203 3828 1376 3894 Pessoruto
1396 3832 1474 3895 cele-

169 3922 281 3986 bratur
304 3924 431 4007 festum,
455 3925 487 4008 ii,
512 3925 567 4008 qui
591 3947 624 3989 se
644 3926 851 3991 incubaturos
875 3949 944 3991 esse
967 3931 1133 4011 voverunt,
1158 3928 1320 3992 somniaa
1342 3931 1474 3993 numine

168 4021 226 4083 illo
251 4025 444 4105 exspectant.
490 4023 708 4088 Francavillae
733 4046 859 4107 quoque
883 4025 961 4089 talia
983 4025 1075 4109 fiunt,
1098 4024 1137 4088 cf.
1158 4026 1199 4089 ib.
1218 4049 1248 4110 p.
1271 4026 1342 4091 178.

256 4117 295 4182 In
318 4119 474 4183 orientem
499 4120 627 4185 deducit
644 4145 704 4187 nos
724 4120 871 4206 Gregorii
890 4121 1086 4187 Turonensis
1104 4122 1194 4187 locus
1213 4123 1262 4211 (in
1281 4125 1361 4209 glor.
1380 4129 1472 4188 mart.

166 4216 209 4280 99
232 4216 320 4281 Mon.
351 4214 454 4282 Germ.
474 4241 504 4302 p.
524 4217 616 4307 554):
640 4219 776 4284 Iudaeus
801 4219 930 4303 quidam
959 4220 1061 4285 sancti
1084 4220 1222 4286 Domitii
1250 4223 1416 4287 basilicam
1439 4224 1472 4287 in

255 4486 280 4552 1)
299 4483 352 4537 Die
371 4483 497 4538 Oenones
516 4482 663 4555 Hippolyti
682 4502 736 4540 von
750 4485 827 4539 Hans
841 4485 963 4555 Achelis,
983 4485 1070 4541 Texte
1084 4487 1141 4541 und
1156 4488 1410 4559 Untersuchungen
1423 4507 1472 4542 zur

169 4560 336 4617 Geschichte
355 4564 405 4616 der
428 4562 652 4618 altchristlichen
675 4565 832 4620 Litteratur
848 4568 924 4620 714.
950 4600 985 4606 —
1009 4568 1100 4632 Quam
1123 4569 1159 4622 ad
1183 4569 1326 4639 regionem
1349 4586 1471 4624 canones

164 4643 208 4695 illi
226 4643 395 4712 pertineant,
410 4663 434 4699 v.
449 4663 475 4713 p.
491 4650 556 4712 2363
576 4645 610 4697 de
625 4649 720 4700 aetate
735 4647 769 4702 cf.
784 4667 811 4717 p.
827 4653 878 4701 266
889 4666 928 4717 sq.
945 4681 979 4689 —
994 4649 1098 4702 Locum
1112 4648 1182 4702 mihi
1196 4648 1357 4703 amabiliter
1371 4665 1470 4719 suppe-

164 4721 267 4778 ditavit
284 4724 402 4779 Ioannes
421 4725 514 4779 Bauer
532 4725 680 4796 theologus
699 4727 917 4798 Marpurgensis.
