3294 5190
215 302 278 365 130
797 301 936 356 Laudatio
1320 310 1363 374 19,
1374 311 1518 378 ιιι-τηε

212 464 356 548 έχεσθαι,
460 465 582 550 ἵναμή
606 466 705 551 σκάζη
729 467 810 531 κατὰ
833 463 937 551 μηδὲν
959 466 980 549 ή
1004 465 1159 550 ἐντέλεια,
1240 466 1323 534 ἀλλὰ
1346 467 1447 536 πάλιν
1472 472 1520 548 ὡς

211 563 274 628 ἀπὸ
299 564 431 648 φύσεως
498 561 766 646 ήάναπλάσεως,
826 563 862 629 ἐν
885 566 1061 648 τελειότητι
1129 563 1211 651 μένη
1235 565 1253 631 ὁ
1277 567 1469 654 ἄνθρωπος.

167 673 205 729 20
299 660 447 726 ἐνταῦθα
470 660 635 747 ὑδροπική
659 685 708 738 τις
737 660 892 746 ἐτέθειτο,
978 661 1032 727 καὶ
1062 664 1180 728 ἰδοῦσα
1207 665 1267 729 τὸν
1295 666 1392 748 ἀγιον
1479 678 1519 754 τῇ

213 764 312 845 σμίλη
336 761 393 836 τὰς
421 757 534 843 βάσεις
556 760 659 844 ἀκρας
686 759 937 844 ἀναστομοῦντα
966 761 1161 844 διύπνησεν·
1242 757 1285 845 ήν
1308 764 1371 847 γάρ
1393 767 1520 829 καθεύ-

211 857 329 940 δουσα,
415 857 496 922 ὅταν
524 856 763 942 ε’χειρουργήθη
791 859 880 942 παρὰ
907 866 966 923 τοῦ
994 858 1169 943 μάρτυρος.
1255 870 1325 935 τοῖς
1352 857 1388 924 δέ
1415 861 1520 927 ποσὶν

210 954 316 1030 εὐθὺς
339 956 419 1038 μετὰ
441 956 504 1037 τήν
527 954 725 1041 ἐγρήγορσιν
749 954 948 1020 ἐπινεύσασα
1037 954 1130 1039 ὕδωρ
1160 955 1222 1042 δρᾷ
1243 957 1317 1044 πύῳ
1341 956 1396 1022 καὶ
1421 960 1518 1045 ἰχῶρι

187 1052 382 1136 ιε’πίμικτον
449 1052 602 1116 κάτωθεν
625 1053 669 1128 ὡς
692 1053 897 1138 διαρρύσεώς
919 1076 1011 1129 τινος
1034 1050 1201 1137 ἀπορρέον
1223 1064 1291 1118 τῶν
1313 1055 1453 1138 βάσεων.

207 1151 329 1215 τούτου
354 1145 391 1214 δέ
414 1152 461 1226 είς
484 1148 568 1227 ἁπαξ
596 1148 839 1226 ἐκτεισθέντος
866 1146 979 1226 ἀσινὲς
1006 1151 1043 1215 τὸ
1072 1160 1165 1234 σῶμα
1193 1149 1346 1235 κατέστη,
1373 1151 1516 1220 καὶτοῦ

207 1251 349 1330 γυναίου
373 1246 390 1311 ὁ
414 1246 533 1333 ὕδερος
555 1248 590 1312 ἐκ
612 1246 716 1332 μέσου
739 1246 878 1330 ἐγένετο.

297 1347 393 1411 ἀλλοι
416 1342 452 1409 δέ
475 1348 572 1410 πόσοι
592 1356 631 1432 τή
654 1350 743 1433 νόσω
761 1347 863 1433 ταύτη
882 1348 1077 1423 παλαίοντες
1150 1348 1375 1435 ὁμοιοτρόπως
1400 1347 1435 1414 ἐκ
1454 1360 1518 1415 τοῦ

207 1442 306 1525 ἁγίου
329 1446 517 1508 πεπόνθασι
588 1441 643 1507 καὶ
667 1442 831 1528 ῥωμαλέοι
855 1443 1013 1510 ἐντεῦθεν
1037 1444 1249 1529 ἀπήχθησαν;
1321 1445 1393 1513 ἀλλ’
1419 1447 1437 1513 ὁ
1465 1453 1518 1513 λε-

172 1566 197 1605 ιο
207 1542 289 1627 πρὸς
312 1541 441 1607 ἐκεῖθεν
463 1541 542 1626 ήμίν
565 1541 663 1624 ὑγιής
681 1541 865 1625 διαλέγεται
924 1541 1043 1631 καὶτῷ
1062 1543 1210 1631 ἐγκωμίῳ
1230 1551 1518 1630 συναριθμεῖσθαι

207 1639 433 1725 προτρέπεται.
512 1639 594 1725 [ὁρῶ
618 1637 672 1703 καὶ
695 1641 811 1704 παιδιά
839 1648 884 1727 τῷ
912 1644 999 1727 λόγῳ
1022 1653 1283 1728 περισκιρτῶντα
1305 1640 1361 1707 καὶ
1384 1644 1518 1728 μνήμης

206 1735 390 1820 ἀξιωθῆναι
415 1741 585 1821 ζητοῦντα,
609 1739 648 1802 τά
671 1734 732 1822 μέν
755 1738 925 1823 δαιμόνων
948 1736 1174 1823 ε’ξαιρεθέντα,
1202 1741 1242 1804 τά
1270 1735 1306 1804 δέ
1333 1741 1391 1816 τάς
1419 1742 1518 1819 ὄψεις

206 1834 426 1918 ἀπολαβόντα,
449 1834 543 1922 ἕτερα
565 1836 767 1922 παραλύσας
794 1837 946 1918 γονάτων
974 1835 1183 1920 ἀποβαλόντα
1210 1835 1265 1901 καὶ
1293 1838 1376 1902 ἀλλα
1404 1842 1517 1903 ποικί-

206 1938 275 1998 λων
298 1932 565 2019 ἀρρωστημάτων
589 1932 819 2018 ζημιωθένταΙ
844 1931 915 1998 ἀλλ’
943 1935 972 1998 εί
999 1943 1101 1998 ταῦτα
1130 1932 1206 1998 καθ’
1240 1935 1277 1999 ἓν
1304 1937 1519 2020 συγγράφειν

169 2055 195 2095 15
206 2029 383 2114 ἐθέλωμεν,
429 2031 529 2107 δπάς
552 2032 635 2116 ήμὰς
659 2030 850 2114 ε’πιλήψεται
873 2034 993 2118 χρόνος
1016 2034 1099 2118 τῷδε
1118 2041 1163 2119 τῷ
1184 2032 1391 2119 ἐγχειρήματι
1409 2053 1517 2121 προσ-

204 2127 389 2213 ἀνέχοντας.

291 2226 386 2304 έλκος
408 2225 520 2312 ἔτερος
543 2223 631 2312 εἶχεν
652 2228 832 2312 ὑπόμαζον,
912 2226 949 2291 ἐν
972 2230 1162 2314 σχολαρίοις
1184 2224 1221 2292 δὲ
1244 2227 1445 2311 κατελέγετο.

202 2323 257 2390 καὶ
281 2325 343 2412 ὁρᾷ
364 2327 424 2391 τὸν
446 2323 602 2409 ποιμένα,
626 2326 713 2390 οὕτω
736 2327 800 2412 γάρ
824 2323 902 2390 δέον
924 2330 1039 2390 καλεῖν
1061 2324 1121 2389 τὸν
1143 2333 1203 2390 τοῦ
1222 2329 1381 2410 ποιμνίου
1403 2332 1518 2405 καλῶς

203 2422 437 2508 ἀντεχόμενον,
492 2423 604 2500 ἁπλῶς
627 2423 689 2510 ὁρᾷ
710 2425 769 2489 τὸν
790 2421 932 2507 ποιμένα
958 2424 1152 2507 Θεράποντα
1205 2433 1336 2510 κηρωτή
1359 2425 1396 2489 τὸ
1416 2423 1517 2503 ἕλκος

168 2522 357 2605 οοίώμευον,
449 2521 466 2586 ὃ
494 2519 549 2585 καὶ
579 2521 725 2605 ἐγεγόνει
756 2521 793 2586 έν
820 2520 995 2606 πράγματι.
1085 2518 1139 2585 καὶ
1167 2519 1241 2605 μεθ’
1274 2519 1396 2606 ἡμέρας
1425 2535 1517 2601 σῶος

162 2623 197 2677 21
208 2617 331 2704 εὑρέθη
355 2616 410 2683 καὶ
434 2621 589 2704 ἀτρωτος,
667 2619 711 2696 ὡς
733 2615 816 2702 μηδὲ
839 2618 944 2701 οὐλήν
967 2618 1002 2683 ἐκ
1025 2628 1085 2683 τοῦ
1110 2618 1295 2705 τραύματος
1317 2623 1515 2704 φαίνεσθαι.

293 2717 436 2797 <ἀλλος>
451 2741 502 2792 τις
516 2717 641 2793 ὕπατος
702 2715 757 2781 καὶ
773 2717 939 2801 στομάχου
957 2719 1074 2793 πόνοις
1087 2741 1122 2781 τε
1140 2714 1195 2781 καὶ
1210 2716 1413 2800 ἀνωμαλίαις
1432 2742 1516 2804 τρυ-

200 2817 338 2898 χόμενος
406 2813 426 2896 ή
450 2815 594 2897 σπληνὸς
624 2817 710 2901 όγκηι
741 2813 796 2879 καὶ
826 2813 986 2897 ἀλγηδόνι
1019 2816 1160 2899 γαστρὸς
1192 2813 1384 2899 ἐνεχόμενος
1453 2827 1517 2902 τῆς

200 2934 235 2976 τε
257 2915 437 2996 θεραπείας
459 2909 514 2976 καὶ
538 2910 741 2997 ἀνακομιδῆς
764 2913 861 2996 τάχος
884 2911 945 2976 οὐκ
967 2909 1091 2997 ᾔσθετο
1159 2914 1215 2978 διὰ
1245 2921 1305 2978 τοῦ
1329 2911 1425 2978 ἐλέου
1450 2925 1515 2980 τοῦ

178 3010 373 3096 σμάρτυρος.

289 3109 389 3184 ἀλλος
411 3107 522 3192 ἕτερος
545 3106 716 3195 (Μαρῑυος
739 3110 843 3192 ὄνομα
867 3105 971 3195 αὐτῷ)
995 3109 1077 3190 πρὸς
1100 3117 1139 3193 τή
1165 3107 1298 3194 ἀφωνιήι
1320 3106 1375 3173 καὶ
1397 3123 1516 3177 πᾶσαν

200 3205 412 3291 ἀφηρημέυος
436 3209 585 3291 ἔμφυτον
608 3208 741 3289 κίνησιν
809 3212 978 3291 προσῆλθε
1002 3214 1048 3293 τῷ
1070 3208 1237 3292 θεσπεσίῳ
1257 3207 1364 3293 τούτῳ
1389 3210 1514 3291 σεβάσ-

199 3327 284 3387 ματι.
354 3299 423 3368 είτα
446 3306 528 3368 κατὰ
551 3305 588 3368 τὸ
611 3303 676 3368 ὑπὸ
696 3312 756 3368 τοῦ
776 3302 875 3385 ἁγίου
894 3303 930 3368 ἐν
949 3302 1089 3388 ὀπτασίᾳ
1107 3300 1227 3387 λεχθὲν
1241 3303 1387 3387 ήλείφθη
1408 3300 1514 3383 οὗτος

198 3409 243 3487 τῷ
274 3411 342 3465 τῶν
372 3402 539 3478 λειψάνων
570 3402 824 3488 ἀπομυρίσματι.
901 3399 956 3465 καλ
984 3410 1083 3465 τοῦτο
1112 3399 1233 3465 παθὼν
1261 3401 1337 3477 ὅλος
1364 3400 1511 3485 γέγονεν

198 3498 296 3582 ὑγιής
317 3501 439 3584 καρδίᾳ
462 3499 608 3579 δοξάζων
630 3498 685 3565 καὶ
704 3502 841 3584 στόματι
903 3500 963 3564 τὸν
982 3499 1038 3562 διὰ
1056 3510 1124 3563 τῶν
1142 3498 1247 3581 ἁγίων
1268 3500 1354 3564 Θεὸν
1369 3509 1512 3566 τοιαῦτα

163 3624 189 3662 10
197 3606 360 3662 ποιοῦντα
382 3599 565 3682 θαυμάσια.

153 3709 191 3763 22
288 3695 348 3761 οὐκ
371 3698 435 3781 ἀρα
460 3693 496 3761 δέ
520 3692 610 3782 οἶμαι
638 3698 826 3781 προσκόψαι
848 3695 951 3777 τινάς,
980 3700 1071 3781 είπερ
1099 3692 1153 3759 καὶ
1181 3693 1277 3772 ξένον
1304 3693 1514 3780 ἐγκαταμίξω

197 3802 243 3880 τῷ
268 3796 355 3881 λόγῳ
380 3796 532 3877 διήγημα.
593 3794 633 3858 οὐ
656 3795 762 3877 μόνον
784 3793 848 3877 γὰρ
873 3798 972 3876 ίασιν,
1032 3792 1116 3856 ἀλλὰ
1139 3793 1202 3878 γάρ
1225 3790 1280 3856 καὶ
1304 3791 1490 3859 ἀσθένειαν

197 3885 273 3954 οἶδα
295 3893 355 3955 τὸν
378 3893 475 3974 ἀγιον
550 3892 633 3977 πρὸς
657 3892 823 3977 σωτηρίαν
845 3888 911 3954 τινὶ
935 3890 1166 3977 χαρισάμενον.
1235 3890 1287 3973 [τὸ
1312 3886 1348 3955 δὲ
1372 3893 1513 3975 λεγόμε-

286 4134 318 4182 16
337 4127 425 4198 μηδὲν
444 4127 469 4179 Α
501 4127 600 4196 μικρὸν
617 4128 647 4180 Μ
672 4132 676 4197 Ι
703 4134 734 4182 17
758 4127 835 4197 μένει
854 4128 913 4181 AM
934 4131 944 4198 ΙΙ
967 4133 1040 4195 20‚1
1065 4124 1180 4197 ἐτέθητο
1199 4127 1258 4180 ΑΜ
1284 4125 1355 4198 γυνή
1374 4126 1440 4181 add.
1457 4127 1509 4202 ΜΙ

195 4216 211 4261 2
230 4208 319 4277 ἀκρας
337 4206 432 4280 βάσεις
449 4208 479 4260 Μ
495 4211 499 4277 Ι
516 4206 660 4264 διάπυισεν
674 4209 704 4262 Μ
720 4213 723 4278 Ι
741 4215 756 4262 3
772 4208 970 4278 ίερομὰρτυρος
983 4209 1013 4261 Μ
1029 4212 1032 4277 Ι
1050 4213 1065 4260 5
1080 4208 1213 4262 κάθωδεν
1229 4208 1252 4260 A
1269 4210 1272 4275 Ι
1289 4204 1468 4278 διαβράσεάις
1483 4210 1511 4262 A

195 4287 363 4351 διαυλωνίας
381 4288 410 4341 Μ
427 4293 430 4358 Ι
448 4295 463 4342 6
482 4307 511 4342 τε
531 4291 596 4343 ante
615 4286 645 4344 τό
665 4291 728 4343 add.
749 4290 779 4342 M
801 4291 805 4362 Ι
827 4295 842 4342 7
861 4287 961 4357 ὕδερος
978 4289 1008 4341 Μ
1027 4288 1189 4357 ὀδυρμὸςΑ
1210 4290 1215 4358 Ι
1239 4293 1254 4341 9
1274 4286 1442 4357 ἐπήχθησαν
1461 4288 1507 4361 ΑΙ

194 4368 253 4422 ἀλλ’
272 4365 549 4438 -11τιροτρέπεται
573 4370 674 4424 desunt
696 4369 726 4422 in
745 4370 774 4423 M
799 4373 803 4440 Ι
830 4374 862 4422 11
883 4368 913 4422 δὲ
932 4370 997 4438 post
1015 4368 1070 4436 δρῶ
1090 4368 1154 4422 add.
1174 4368 1203 4420 M
1229 4369 1233 4438 Ι
1255 4372 1288 4420 12
1311 4368 1360 4421 καὶ
1383 4369 1450 4420 ante
1471 4367 1509 4422 τὰ

194 4447 244 4518 μὲν
268 4450 331 4503 add.
346 4450 376 4501 M
403 4451 406 4517 Ι
434 4449 501 4517 ἐξερ.
521 4451 596 4520 δαιμ.
616 4450 645 4503 Μ
670 4453 674 4520 Ι
696 4456 728 4503 13
749 4448 828 4517 ἔτερα
847 4482 880 4488 -
900 4446 1079 4519 ἀποβαλόντα
1103 4448 1205 4502 desunt
1223 4446 1296 4501 inA
1322 4449 1327 4517 Ι
1353 4452 1385 4500 15
1405 4444 1507 4502 ἐθέλο-

193 4547 243 4598 μεν
262 4530 292 4582 Μ
312 4530 316 4600 Ι
342 4535 375 4582 20
395 4527 503 4598 ἡμέραν
521 4530 546 4582 A
570 4533 574 4598 Ι
599 4535 631 4582 21
652 4529 756 4600 ἐυρέθη
776 4539 845 4592 σῶος
863 4528 893 4582 Μ
918 4532 921 4597 Ι
949 4528 1096 4598 ἀνθρωτος
1113 4528 1138 4580 A
1163 4529 1168 4598 Ι
1193 4527 1224 4582 ἐν
1242 4532 1280 4600 τῷ
1298 4527 1435 4596 τραύματι
1455 4528 1480 4582 A
1497 4528 1508 4602 ΙΙ

193 4614 267 4678 21,2
287 4609 360 4679 ὄγκοι
380 4611 496 4680 σκληρὸς
513 4609 543 4662 Μ
559 4613 562 4679 Ι
580 4615 595 4662 3
614 4628 643 4664 τε
663 4628 715 4665 om.
734 4611 764 4662 M
780 4614 784 4680 Ι
801 4607 895 4664 ἐλαίου
914 4609 973 4662 AM
989 4611 993 4680 Ι
1011 4616 1026 4663 6
1046 4607 1204 4680 σεβάσματα
1223 4607 1247 4659 Α
1264 4610 1268 4678 Ι
1284 4612 1300 4661 9
1316 4605 1444 4672 δοξάσειν
1460 4608 1508 4683 ΑΙΙ
1558 4676 1566 4689 .

194 4695 265 4759 22,1
286 4687 365 4760 οἶμεν
384 4691 414 4745 Μ
430 4695 433 4760 Ι
450 4689 633 4764 ἐγκαταλήψῳ
652 4690 676 4742 Α
693 4693 697 4761 Ι
713 4697 729 4743 2
748 4687 836 4759 μόνον
855 4692 920 4759 post
938 4689 1015 4745 ἴασιν
1034 4689 1058 4741 Α
