3294 5190
618 344 660 397 De
679 298 860 398 incubatione
879 342 1040 399 christiana.
1417 344 1480 408 107

175 506 274 571 fuisse
290 507 408 571 dicitur
426 529 521 591 quem
537 504 678 572 Ἐλαιὰν
697 504 950 593 appellabant¹);
968 509 1076 571 tamen
1095 506 1149 572 vix
1167 506 1335 591 probabile
1355 507 1483 572 videtur

176 606 210 669 in
233 605 320 669 illius
349 605 496 669 suburbii
525 626 649 670 sacrum
680 605 815 669 missum
844 626 913 669 esse
940 603 1116 669 Elorinurn.
1161 604 1265 670 Immo
1293 606 1322 670 is
1353 628 1481 690 quoque

173 702 331 787 Deiparae
359 704 530 789 εὐκτηριος
559 698 648 779 οἶκος
675 703 762 767 haud
788 702 903 786 procul
931 724 950 767 a
979 701 1194 786 Therapontis
1222 703 1343 787 templo
1371 704 1482 768 abesse

173 803 295 885 potuit:
327 802 463 866 fortasse
497 802 530 867 in
562 802 633 885 ipso
666 801 823 884 Deiparae
854 799 1101 865 Blachernensis
1139 821 1227 865 sacro
1264 811 1322 885 τῆς
1349 800 1483 878 Ἐλαίας

173 900 364 985 cognomine
388 903 507 964 certam
531 899 691 983 quandam
715 898 756 963 ob
780 920 908 963 causam
931 897 1040 963 addito
1062 896 1239 964 collocatus
1263 902 1339 964 erat.

261 997 337 1063 Non
355 997 475 1062 nullius
494 997 650 1062 momenti
670 1019 738 1061 esse
756 996 892 1079 videtur,
912 997 997 1081 quod
1016 1018 1117 1080 prope
1133 994 1329 1063 Blacherms
1348 995 1482 1062 Cosmae

173 1100 205 1160 et
238 1095 389 1160 Damiani
422 1117 549 1179 quoque
582 1094 825 1160 celeberrimum
863 1094 944 1158 illud
981 1093 1128 1159 exstabat
1165 1117 1306 1179 sacrum,
1343 1095 1381 1159 de
1417 1119 1481 1180 quo

173 1217 203 1277 p.
221 1193 263 1257 70
273 1216 341 1277 sqq.
366 1194 500 1280 egimus.
524 1194 564 1257 of.
583 1215 816 1279 anargyrorum
834 1192 1024 1257 miraculum
1046 1194 1086 1256 18
1105 1215 1136 1276 p.
1150 1192 1217 1258 424
1235 1193 1388 1279 Wangn.:
1411 1216 1483 1278 pae·

174 1291 319 1377 dagogus
344 1292 473 1375 quidam
497 1291 616 1356 sanetis
641 1290 820 1373 maledixit,
843 1290 899 1355 καλ
926 1289 1037 1368 ἁπλῶς
1064 1299 1202 1356 τοιαῦτα
1229 1289 1284 1356 καλ
1312 1293 1483 1378 δεινότερα

171 1391 301 1455 τούτων
335 1391 439 1456 εἰπὼν
471 1388 526 1455 καλ
557 1386 763 1473 ἐνθυμηθεὶς
793 1397 851 1471 της
883 1387 937 1454 ἐπὶ
966 1389 1027 1472 τὴν
1061 1391 1162 1454 πόλιν
1193 1386 1292 1476 τῶνδ)
1323 1388 1482 1455 ἐντεῦθεν

173 1494 277 1572 είηετο
302 1489 504 1573 ὁδοιπορίας.
528 1488 691 1553 εἰσελθὼν
715 1482 830 1552 δὲκαὶ
854 1487 937 1551 κατὰ
960 1484 1110 1572 ποίροδον
1139 1485 1244 1573 ἐντῷ
1270 1497 1376 1575 σεπτηό
1401 1493 1481 1575 οίκηο

171 1594 228 1668 τῆς
251 1584 348 1669 ἁγίας
371 1585 508 1664 ἐνδόξου
538 1583 722 1671 Παρθένου
750 1582 805 1649 καλ
830 1586 995 1650 Θεοτόκου
1025 1586 1159 1670 Μαρίας
1186 1593 1231 1673 τῷ
1259 1583 1480 1672 ἐπιλεγομένῳ

172 1682 208 1747 ἐν
231 1681 436 1768 Βλαχέρναις
459 1689 526 1749 κτλ.
570 1684 669 1748 Putat
692 1682 838 1748 Dehnius
858 1682 893 1770 (l.
913 1680 951 1769 s.)
975 1683 1178 1766 „Aaarppros
1195 1681 1356 1765 caparae
1374 1684 1482 1766 ίακγίο

170 1782 287 1846 amicos
314 1786 404 1864 αίηαο
431 1784 507 1846 odeo
530 1783 565 1846 ia
592 1783 660 1864 ipso
687 1781 741 1846 ι’ίίο
769 1780 1019 1846 Βίαιλιακανκνι
1045 1781 1190 1847 sunum
1217 1783 1341 1863 fuisset
1389 1781 1482 1849 Certe

171 1878 234 1942 fuit
257 1878 445 1944 Blaohcmis
470 1878 603 1945 Oosmae
627 1883 659 1943 et
677 1878 827 1945 Damiani
847 1901 981 1964 sacrum,
1001 1880 1039 1944 of.
1060 1878 1176 1944 Ohron.
1193 1879 1307 1954 ¹Pasch.
1326 1903 1356 1963 p.
1373 1880 1481 1963 713‚9

172 1978 218 2042 ed.
237 1977 354 2042 Bonn.:
378 1980 539 2062 εἰσηλδαν
564 1974 600 2044 δὲ
624 1977 681 2065 (so.
701 1975 837 2063 Avares)
861 1975 916 2042 καλ
940 1980 987 2054 είς
1010 1980 1089 2054 τοὺς
1112 1976 1230 2059 ἁγίους
1252 1981 1292 2041 Κ.
1311 1975 1367 2042 καλ
1386 1984 1427 2042 Δ.
1445 1978 1482 2043 ἐν

172 2075 391 2161 Βλαχέρναις,
426 2076 477 2140 vel
506 2076 547 2140 ib.
571 2101 602 2160 p.
623 2074 767 2160 725,18:
796 2078 941 2141 ἔκαυσαν
973 2071 1010 2139 δὲ
1037 2073 1093 2139 καὶ
1120 2074 1180 2157 τὴν
1214 2073 1390 2158 ἐκκλησίαν
1416 2086 1483 2139 τῶν

172 2172 277 2256 ἁγίαν
300 2178 340 2238 Κ.
363 2174 418 2239 καλ
441 2181 482 2239 Λ.
507 2173 543 2240 ἐν
566 2173 770 2258 Βλαχέρναις
792 2171 847 2238 καλ
875 2174 936 2256 τὴν
964 2173 1142 2255 ἐκκλησίαν
1169 2181 1229 2236 τοῦ
1256 2170 1355 2255 ἁγίου
1378 2175 1481 2236 Νικο-

171 2272 254 2335 λάου
281 2269 336 2336 καί
367 2272 427 2338 ὅλα
455 2273 494 2336 τὰ
524 2271 626 2358 πέριξ.
672 2270 748 2335 Alia
777 2271 850 2335 vide
881 2271 966 2354 apud
995 2270 1200 2355 Ducangium
1229 2268 1340 2353 Opolis
1372 2270 1480 2334 christ.

169 2367 217 2433 IV
238 2367 503 2455 15,10p.127¹>.
554 2369 668 2435 Altera
695 2373 803 2433 tamen
830 2369 958 2433 videtur
990 2391 1059 2433 esse
1093 2366 1226 2433 ecelesia
1258 2390 1355 2450 quam
1383 2368 1482 2450 impe-

173 2470 280 2532 ratore
303 2467 485 2533 Theodosio
514 2467 644 2534 Iuniore
668 2466 852 2555 (408-50)
882 2466 1036 2531 Paulinus
1065 2466 1220 2551 magister
1247 2465 1481 2530 exaedificavit:

171 2563 207 2641 ὃς
231 2562 288 2652 (sc.
307 2563 476 2654 Paulinus)
500 2565 555 2631 καλ
579 2566 733 2652 ἁνηγειρε
756 2567 816 2632 τὸν
835 2566 919 2631 ναὸν
941 2575 1008 2630 τῶν
1027 2563 1133 2647 ἁγίαν
1151 2563 1350 2650 ἁναργύροιν
1370 2562 1481 2628 (λοδίο.

171 2663 209 2727 de
228 2664 321 2728 aedil.
340 2687 370 2747 p.
393 2665 523 2748 111,10
547 2666 593 2729 ed.
612 2665 715 2729 Bonn.
740 2662 793 2750 (cf.
813 2664 855 2728 ib.
874 2664 946 2749 112,
959 2660 1023 2749 12).
1068 2661 1154 2727 Nam
1178 2665 1269 2727 extra
1286 2662 1482 2727 Blachernas

171 2783 241 2824 eam
265 2761 361 2825 sitam
384 2763 484 2827 fuisse
508 2786 525 2827 e
549 2762 691 2828 Oedreno
716 2763 833 2848 elucet3
856 2763 965 2848 agitur
988 2763 1027 2826 de
1051 2760 1174 2826 Thoma
1205 2760 1259 2844 qui
1287 2761 1482 2844 imperatore

170 2857 327 2923 Michaele
350 2858 463 2925 Altero
487 2860 672 2948 (cro-29)
698 2860 1012 2945 Constantinopolim
1041 2881 1225 2944 expugnare
1258 2863 1392 2923 conatus
1420 2862 1481 2922 est:

171 2959 384 3041 παρεμβολὴν
401 2958 437 3023 ἐν
450 2970 520 3035 τοῖς
537 2963 722 3043 Παυλίνου,
737 2963 822 3025 ἔνθα
840 2961 877 3030 τὸ
897 2970 964 3024 τῶν
982 2965 1252 3042 θαυματουργῶν
1266 2955 1482 3043 Ἀναργύρων

171 3053 307 3138 τέμενος
321 3056 465 3138 ἵδρυται,
484 3055 610 3141 ὀχυρὰν
626 3054 764 3139 ἐπήξατο
780 3055 816 3141 (t.
826 3055 858 3120 H
868 3079 898 3140 p.
909 3056 962 3140 81,
972 3058 992 3120 8
1003 3053 1186 3139 ed.Bonn.),
1201 3055 1390 3137 quibuscum
1410 3076 1482 3118 con-

169 3153 253 3215 feras
277 3175 307 3234 p.
328 3153 380 3235 82,
394 3151 428 3216 4:
452 3154 534 3216 κατὰ
556 3155 635 3229 τοὺς
657 3164 725 3217 τῶν
748 3157 948 3238 Βλαχερνῶν
969 3153 1121 3236 πύργους
1140 3151 1283 3217 ἐποιεῖτο
1300 3154 1362 3235 τὴν
1379 3169 1481 3237 προσ-

170 3248 283 3331 βολήν.
330 3247 443 3332 ltaque
466 3254 618 3332 putamus
641 3250 704 3314 hoc
726 3251 863 3315 alterum
892 3271 1125 3335 anargyrorum
1155 3270 1280 3313 sacrum
1304 3272 1323 3313 a
1345 3249 1481 3314 Paulino

170 3349 368 3410 exstructum
395 3347 436 3410 ab
465 3347 521 3412 illo
550 3347 780 3413 Blachernensi
808 3371 877 3413 esse
911 3347 1183 3433 distinguendum.
1230 3346 1300 3424 Qua
1323 3348 1362 3413 de
1385 3370 1419 3412 re
1441 3371 1482 3412 ne

169 3445 311 3528 dubites,
349 3444 446 3509 etiam
479 3445 559 3509 alias
593 3444 728 3510 Cosmae
760 3451 792 3511 et
829 3446 980 3510 Damiani
1018 3445 1167 3511 eeclesias
1201 3445 1481 3531 Constantinopoli

171 3543 333 3607 exstitisse
361 3543 553 3608 memineris.
600 3542 654 3608 Sic
681 3543 855 3609 Theodosii
883 3545 1019 3609 Minoris
1052 3548 1157 3609 aetate
1190 3567 1208 3608 a
1236 3544 1351 3609 Proclo
1384 3546 1481 3629 patri-

170 3640 266 3705 archa
290 3642 324 3705 in
347 3641 530 3727 Zeugmate,
555 3665 636 3727 quae
656 3647 704 3708 est
723 3642 829 3707 litoris
853 3643 943 3728 regio
964 3641 1111 3708 Galatam
1133 3664 1244 3706 versus
1264 3640 1368 3729 sita3),
1392 3665 1482 3707 anar-

170 3758 325 3823 gyrorum
348 3762 473 3804 sacrum
498 3741 662 3806 conditum
687 3740 777 3829 ese).
809 3740 910 3805 Aliud
929 3741 1102 3807 eorundem
1122 3745 1306 3806 sanctorum
1325 3741 1481 3825 templum

169 3836 206 3901 ἐν
230 3848 300 3914 τοῖς
320 3842 525 3905 Βασιλίσκου
543 3839 574 3904 h.
594 3862 619 3904 e.
638 3863 738 3924 prope
752 3840 909 3924 templum
926 3863 949 3905 s.
966 3837 1137 3926 Sophiae⁵)
1157 3863 1176 3902 a
1194 3838 1376 3905 Iustiniano
1399 3839 1482 3904 aedi-

262 4087 287 4154 1)
305 4083 350 4137 Du
370 4086 464 4155 Gange
482 4086 576 4155 Cpclis
595 4086 750 4141 christiana
768 4087 807 4141 IV
821 4092 896 4154 9,17
915 4105 941 4156 p.
960 4093 1025 4141 115·
1045 4087 1154 4159 (Venet.
1171 4090 1257 4157 1729).

210 4164 350 4299 xxiidie
369 4167 471 4236 codex,
494 4167 546 4235 τὴν
569 4169 656 4223 αὐτοῦ
680 4167 816 4237 Wangn.,
840 4183 923 4235 quem
946 4169 1022 4223 recte
1046 4166 1181 4222 refutavit
1203 4166 1329 4222 Dehnius
1352 4168 1383 4221 in
1405 4168 1480 4223 notis

168 4263 194 4314 p.
258 4326 285 4394 3)
305 4326 339 4379 cf
359 4325 488 4381 tabulam
507 4327 581 4397 apud
606 4327 834 4383 Mordtmaunum
857 4327 991 4398 Esquisse
1016 4328 1243 4399 topographique
1267 4330 1302 4383 de
1321 4328 1480 4385 Constanti-

167 4405 477 4557 ΠΟΡΙΘ4ἁ11ἁὰθδὰὃὰίῖγιοι
492 4485 654 4557 Ἀνὰργυροι
673 4488 699 4543 ολ
715 4488 745 4543 ἐν
763 4495 802 4562 τῷ
819 4489 956 4560 Ζεύγματι
970 4487 1047 4558 καρὰ
1063 4487 1193 4558 Πρόκλον
1206 4489 1382 4560 πατριάρχου
1400 4496 1480 4546 Κων-

168 4565 422 4630 σταντινουπόλεως
442 4612 446 4621 .
470 4612 474 4621 .
496 4611 501 4622 .
521 4565 691 4638 ἐκτίσθησαν
710 4569 740 4623 ἐν
759 4579 818 4634 τοῖς
835 4566 948 4640 χρόνοις
968 4568 1122 4626 Θεοδοσίου
1140 4579 1190 4625 τοῦ
1209 4578 1309 4640 μικροῦ
1329 4570 1424 4627 (ludin.
1445 4573 1480 4629 de

169 4644 253 4700 aedis.
269 4665 296 4716 p.
312 4653 356 4715 93,
368 4653 400 4701 15
420 4648 463 4701 cd.
483 4647 571 4703 Bonn.

259 4729 286 4798 t)
305 4727 339 4782 cf.
359 4728 542 4784 Mordtmann
561 4727 646 4799 Esqu.
666 4731 775 4802 topogr.
796 4735 878 4798 §117
892 4749 919 4804 p.
935 4728 997 4787 tob.
