<?xml version="1.0" encoding="UTF-8"?>
<!DOCTYPE html PUBLIC "-//W3C//DTD XHTML 1.0 Transitional//EN"
    "http://www.w3.org/TR/xhtml1/DTD/xhtml1-transitional.dtd">
<html xmlns="http://www.w3.org/1999/xhtml" xml:lang="en" lang="en">
 <head>
  <title>
</title>
<meta http-equiv="Content-Type" content="text/html;charset=utf-8" />
  <meta name='ocr-system' content='tesseract 3.04.00' />
  <meta name='ocr-capabilities' content='ocr_page ocr_carea ocr_par ocr_line ocrx_word'/>
</head>
<body>
  <div class='ocr_page' id='page_1' title='image "./deincubationeca00deubgoog_0058.png"; bbox 0 0 3294 5190; ppageno 0'>
   <div class='ocr_carea' id='block_1_1' title="bbox 547 332 1472 401">
    <p class='ocr_par' dir='ltr' id='par_1_1' title="bbox 547 332 1472 401">
     <span class='ocr_line' id='line_1_1' title="bbox 547 332 1472 401; baseline 0.002 -15"><span class='ocrx_word' id='word_1_1' title='bbox 547 334 588 387; x_wconf 91' lang='lat' dir='ltr'>De</span> <span class='ocrx_word' id='word_1_2' title='bbox 607 333 760 387; x_wconf 86' lang='lat' dir='ltr'>incubandi</span> <span class='ocrx_word' id='word_1_3' title='bbox 779 332 880 387; x_wconf 84' lang='lat' dir='ltr'>ritibus</span> <span class='ocrx_word' id='word_1_4' title='bbox 900 333 1097 401; x_wconf 85' lang='lat' dir='ltr'>symbolisque.</span> <span class='ocrx_word' id='word_1_5' title='bbox 1428 336 1472 398; x_wconf 79' lang='lat'>45</span> 
     </span>
    </p>
   </div>
   <div class='ocr_carea' id='block_1_2' title="bbox 106 496 1475 4296">
    <p class='ocr_par' dir='ltr' id='par_1_2' title="bbox 163 496 1475 1365">
     <span class='ocr_line' id='line_1_2' title="bbox 165 496 1472 580; baseline -0.002 -18"><span class='ocrx_word' id='word_1_6' title='bbox 165 501 270 562; x_wconf 87' lang='lat' dir='ltr'>vertes</span> <span class='ocrx_word' id='word_1_7' title='bbox 295 497 379 560; x_wconf 86' lang='lat' dir='ltr'>inter</span> <span class='ocrx_word' id='word_1_8' title='bbox 406 497 650 578; x_wconf 74' lang='lat' dir='ltr'>inscriptionem</span> <span class='ocrx_word' id='word_1_9' title='bbox 679 496 828 579; x_wconf 85' lang='lat' dir='ltr'>primam,</span> <span class='ocrx_word' id='word_1_10' title='bbox 857 518 938 579; x_wconf 89' lang='lat' dir='ltr'>quae</span> <span class='ocrx_word' id='word_1_11' title='bbox 966 498 1029 559; x_wconf 88' lang='lat' dir='ltr'>fine</span> <span class='ocrx_word' id='word_1_12' title='bbox 1059 517 1186 580; x_wconf 91' lang='lat' dir='ltr'>quoque</span> <span class='ocrx_word' id='word_1_13' title='bbox 1215 517 1273 559; x_wconf 91' lang='lat' dir='ltr'>suo</span> <span class='ocrx_word' id='word_1_14' title='bbox 1298 519 1316 559; x_wconf 90' lang='lat' dir='ltr'>a</span> <span class='ocrx_word' id='word_1_15' title='bbox 1340 497 1472 580; x_wconf 89' lang='lat' dir='ltr'>reliquis</span> 
     </span>
     <span class='ocr_line' id='line_1_3' title="bbox 166 593 1473 680; baseline -0.001 -21"><span class='ocrx_word' id='word_1_16' title='bbox 166 594 315 659; x_wconf 93' lang='lat' dir='ltr'>nonnihil</span> <span class='ocrx_word' id='word_1_17' title='bbox 339 594 488 676; x_wconf 79' lang='lat' dir='ltr'>discedit,</span> <span class='ocrx_word' id='word_1_18' title='bbox 518 597 549 657; x_wconf 90' lang='lat' dir='ltr'>et</span> <span class='ocrx_word' id='word_1_19' title='bbox 578 593 803 677; x_wconf 77' lang='lat' dir='ltr'>inscriptiones</span> <span class='ocrx_word' id='word_1_20' title='bbox 832 599 1000 677; x_wconf 80' lang='lat' dir='ltr'>sequentes</span> <span class='ocrx_word' id='word_1_21' title='bbox 1030 617 1098 659; x_wconf 87' lang='lat' dir='ltr'>esse</span> <span class='ocrx_word' id='word_1_22' title='bbox 1128 595 1259 679; x_wconf 81' lang='lat' dir='ltr'>aliquod</span> <span class='ocrx_word' id='word_1_23' title='bbox 1287 595 1473 680; x_wconf 70' lang='lat' dir='ltr'>discrimem</span> 
     </span>
     <span class='ocr_line' id='line_1_4' title="bbox 167 689 1473 776; baseline 0 -20"><span class='ocrx_word' id='word_1_24' title='bbox 167 697 299 757; x_wconf 85' lang='lat' dir='ltr'>sanatur</span> <span class='ocrx_word' id='word_1_25' title='bbox 322 693 408 756; x_wconf 87' lang='lat' dir='ltr'>enim</span> <span class='ocrx_word' id='word_1_26' title='bbox 432 695 583 776; x_wconf 87' lang='lat' dir='ltr'>aegrotus</span> <span class='ocrx_word' id='word_1_27' title='bbox 608 690 667 754; x_wconf 91' lang='lat' dir='ltr'>sub</span> <span class='ocrx_word' id='word_1_28' title='bbox 691 689 706 753; x_wconf 94' lang='lat' dir='ltr'>l</span> <span class='ocrx_word' id='word_1_29' title='bbox 730 692 881 755; x_wconf 86' lang='lat' dir='ltr'>actione</span> <span class='ocrx_word' id='word_1_30' title='bbox 906 691 1043 774; x_wconf 89' lang='lat' dir='ltr'>quadam</span> <span class='ocrx_word' id='word_1_31' title='bbox 1067 693 1212 776; x_wconf 85' lang='lat' dir='ltr'>mystica,</span> <span class='ocrx_word' id='word_1_32' title='bbox 1236 693 1358 756; x_wconf 90' lang='lat' dir='ltr'>accedit</span> <span class='ocrx_word' id='word_1_33' title='bbox 1386 715 1473 756; x_wconf 86' lang='lat' dir='ltr'>aram</span> 
     </span>
     <span class='ocr_line' id='line_1_5' title="bbox 165 788 1472 876; baseline -0.001 -22"><span class='ocrx_word' id='word_1_34' title='bbox 165 788 196 876; x_wconf 76' lang='lat'>(7</span> <span class='ocrx_word' id='word_1_35' title='bbox 204 788 305 875; x_wconf 79' lang='grc' dir='ltr'><strong><em>βῆμα)</em></strong></span> <span class='ocrx_word' id='word_1_36' title='bbox 331 811 452 853; x_wconf 86' lang='lat' dir='ltr'>sacram</span> <span class='ocrx_word' id='word_1_37' title='bbox 476 810 609 872; x_wconf 89' lang='lat' dir='ltr'>eamque</span> <span class='ocrx_word' id='word_1_38' title='bbox 634 788 804 872; x_wconf 86' lang='lat' dir='ltr'>osculatur,</span> <span class='ocrx_word' id='word_1_39' title='bbox 829 811 847 852; x_wconf 90' lang='lat' dir='ltr'>a</span> <span class='ocrx_word' id='word_1_40' title='bbox 870 789 983 853; x_wconf 85' lang='lat' dir='ltr'>dextra</span> <span class='ocrx_word' id='word_1_41' title='bbox 1000 789 1146 873; x_wconf 74' lang='lat' dir='ltr'>procedit</span> <span class='ocrx_word' id='word_1_42' title='bbox 1165 790 1199 852; x_wconf 93' lang='lat' dir='ltr'>in</span> <span class='ocrx_word' id='word_1_43' title='bbox 1219 788 1383 854; x_wconf 87' lang='lat' dir='ltr'>sinistram</span> <span class='ocrx_word' id='word_1_44' title='bbox 1403 813 1472 872; x_wconf 85' lang='lat' dir='ltr'>par-</span> 
     </span>
     <span class='ocr_line' id='line_1_6' title="bbox 163 886 1473 972; baseline -0.001 -20"><span class='ocrx_word' id='word_1_45' title='bbox 163 891 239 972; x_wconf 90' lang='lat' dir='ltr'>tem,</span> <span class='ocrx_word' id='word_1_46' title='bbox 263 888 384 972; x_wconf 75' lang='lat' dir='ltr'>digitos</span> <span class='ocrx_word' id='word_1_47' title='bbox 408 907 518 949; x_wconf 87' lang='lat' dir='ltr'>omnes</span> <span class='ocrx_word' id='word_1_48' title='bbox 542 887 577 948; x_wconf 91' lang='lat' dir='ltr'>in</span> <span class='ocrx_word' id='word_1_49' title='bbox 600 908 655 950; x_wconf 87' lang='lat' dir='ltr'>ara</span> <span class='ocrx_word' id='word_1_50' title='bbox 678 887 779 970; x_wconf 90' lang='lat' dir='ltr'>ponit,</span> <span class='ocrx_word' id='word_1_51' title='bbox 803 886 891 950; x_wconf 88' lang='lat' dir='ltr'>tollit</span> <span class='ocrx_word' id='word_1_52' title='bbox 909 909 1040 950; x_wconf 85' lang='lat' dir='ltr'>manum</span> <span class='ocrx_word' id='word_1_53' title='bbox 1059 888 1224 971; x_wconf 88' lang='lat' dir='ltr'>oculisque</span> <span class='ocrx_word' id='word_1_54' title='bbox 1247 888 1356 951; x_wconf 87' lang='lat' dir='ltr'>eadem</span> <span class='ocrx_word' id='word_1_55' title='bbox 1375 911 1473 951; x_wconf 91' lang='lat' dir='ltr'>manu</span> 
     </span>
     <span class='ocr_line' id='line_1_7' title="bbox 166 982 1475 1070; baseline -0.001 -21"><span class='ocrx_word' id='word_1_56' title='bbox 166 985 321 1069; x_wconf 88' lang='lat' dir='ltr'>imposita</span> <span class='ocrx_word' id='word_1_57' title='bbox 338 988 477 1048; x_wconf 86' lang='lat' dir='ltr'>sanatur.</span> <span class='ocrx_word' id='word_1_58' title='bbox 515 982 581 1048; x_wconf 82' lang='lat' dir='ltr'>Sub</span> <span class='ocrx_word' id='word_1_59' title='bbox 596 982 628 1046; x_wconf 93' lang='grc' dir='ltr'>Π</span> <span class='ocrx_word' id='word_1_60' title='bbox 646 982 695 1046; x_wconf 93' lang='grc' dir='ltr'>ΙΠ</span> <span class='ocrx_word' id='word_1_61' title='bbox 714 982 762 1047; x_wconf 90' lang='lat' dir='ltr'>IV</span> <span class='ocrx_word' id='word_1_62' title='bbox 780 1004 855 1047; x_wconf 86' lang='lat' dir='ltr'>vero</span> <span class='ocrx_word' id='word_1_63' title='bbox 879 1006 939 1047; x_wconf 87' lang='lat' dir='ltr'>res</span> <span class='ocrx_word' id='word_1_64' title='bbox 959 985 1140 1069; x_wconf 89' lang='lat' dir='ltr'>quaedam</span> <span class='ocrx_word' id='word_1_65' title='bbox 1159 984 1365 1070; x_wconf 78' lang='lat' dir='ltr'>adhibentur3</span> <span class='ocrx_word' id='word_1_66' title='bbox 1389 986 1475 1069; x_wconf 92' lang='lat' dir='ltr'>quod</span> 
     </span>
     <span class='ocr_line' id='line_1_8' title="bbox 166 1081 1474 1164; baseline 0.001 -18"><span class='ocrx_word' id='word_1_67' title='bbox 166 1087 274 1148; x_wconf 85' lang='lat' dir='ltr'>autern</span> <span class='ocrx_word' id='word_1_68' title='bbox 298 1082 338 1145; x_wconf 91' lang='lat' dir='ltr'>ad</span> <span class='ocrx_word' id='word_1_69' title='bbox 361 1082 419 1145; x_wconf 84' lang='lat' dir='ltr'>has</span> <span class='ocrx_word' id='word_1_70' title='bbox 443 1104 494 1145; x_wconf 89' lang='lat' dir='ltr'>res</span> <span class='ocrx_word' id='word_1_71' title='bbox 518 1082 644 1164; x_wconf 81' lang='lat' dir='ltr'>attinet,</span> <span class='ocrx_word' id='word_1_72' title='bbox 673 1082 778 1164; x_wconf 92' lang='lat' dir='ltr'>primo</span> <span class='ocrx_word' id='word_1_73' title='bbox 803 1081 919 1144; x_wconf 90' lang='lat' dir='ltr'>obtutu</span> <span class='ocrx_word' id='word_1_74' title='bbox 944 1082 1083 1145; x_wconf 88' lang='lat' dir='ltr'>elucebit</span> <span class='ocrx_word' id='word_1_75' title='bbox 1112 1087 1196 1146; x_wconf 86' lang='lat' dir='ltr'>certe</span> <span class='ocrx_word' id='word_1_76' title='bbox 1223 1083 1396 1147; x_wconf 90' lang='lat' dir='ltr'>nonnullas</span> <span class='ocrx_word' id='word_1_77' title='bbox 1425 1107 1474 1147; x_wconf 86' lang='lat' dir='ltr'>ea-</span> 
     </span>
     <span class='ocr_line' id='line_1_9' title="bbox 167 1178 1473 1263; baseline -0.001 -18"><span class='ocrx_word' id='word_1_78' title='bbox 167 1205 239 1245; x_wconf 93' lang='lat' dir='ltr'>rum</span> <span class='ocrx_word' id='word_1_79' title='bbox 263 1181 297 1244; x_wconf 96' lang='lat' dir='ltr'>in</span> <span class='ocrx_word' id='word_1_80' title='bbox 320 1179 548 1244; x_wconf 86' lang='lat' dir='ltr'>chthoniorum</span> <span class='ocrx_word' id='word_1_81' title='bbox 572 1179 661 1243; x_wconf 89' lang='lat' dir='ltr'>cultu</span> <span class='ocrx_word' id='word_1_82' title='bbox 684 1178 802 1242; x_wconf 88' lang='lat' dir='ltr'>habere</span> <span class='ocrx_word' id='word_1_83' title='bbox 825 1179 966 1263; x_wconf 87' lang='lat' dir='ltr'>aliquam</span> <span class='ocrx_word' id='word_1_84' title='bbox 991 1180 1268 1263; x_wconf 75' lang='lat' dir='ltr'>SIgnificationem.</span> <span class='ocrx_word' id='word_1_85' title='bbox 1314 1180 1383 1244; x_wconf 88' lang='lat' dir='ltr'>lam</span> <span class='ocrx_word' id='word_1_86' title='bbox 1411 1181 1473 1245; x_wconf 90' lang='lat' dir='ltr'>sin·</span> 
     </span>
     <span class='ocr_line' id='line_1_10' title="bbox 167 1278 538 1365; baseline -0.005 -23"><span class='ocrx_word' id='word_1_87' title='bbox 167 1280 243 1365; x_wconf 88' lang='lat' dir='ltr'>gula</span> <span class='ocrx_word' id='word_1_88' title='bbox 266 1283 342 1342; x_wconf 90' lang='lat' dir='ltr'>sunt</span> <span class='ocrx_word' id='word_1_89' title='bbox 365 1278 538 1342; x_wconf 87' lang='lat' dir='ltr'>tractanda.</span> 
     </span>
    </p>

    <p class='ocr_par' dir='ltr' id='par_1_3' title="bbox 106 1370 1474 3125">
     <span class='ocr_line' id='line_1_11' title="bbox 254 1370 1473 1462; baseline 0 -22"><span class='ocrx_word' id='word_1_90' title='bbox 254 1376 295 1441; x_wconf 93' lang='lat' dir='ltr'>II.</span> <span class='ocrx_word' id='word_1_91' title='bbox 320 1376 356 1441; x_wconf 78' lang='grc' dir='ltr'>ἐκ</span> <span class='ocrx_word' id='word_1_92' title='bbox 383 1385 444 1441; x_wconf 85' lang='grc' dir='ltr'>τοῦ</span> <span class='ocrx_word' id='word_1_93' title='bbox 471 1377 641 1460; x_wconf 82' lang='grc' dir='ltr'><strong><em>τριβώμου</em></strong></span> <span class='ocrx_word' id='word_1_94' title='bbox 670 1370 746 1460; x_wconf 79' lang='grc' dir='ltr'><strong><em>ἆραι</em></strong></span> <span class='ocrx_word' id='word_1_95' title='bbox 775 1373 903 1459; x_wconf 81' lang='grc' dir='ltr'><strong><em>τέφραν</em></strong></span> <span class='ocrx_word' id='word_1_96' title='bbox 934 1373 989 1439; x_wconf 77' lang='grc' dir='ltr'>καὶ</span> <span class='ocrx_word' id='word_1_97' title='bbox 1020 1373 1089 1460; x_wconf 89' lang='grc' dir='ltr'><strong><em>μετ’</em></strong></span> <span class='ocrx_word' id='word_1_98' title='bbox 1123 1382 1219 1442; x_wconf 78' lang='grc' dir='ltr'><strong><em>οἴνου</em></strong></span> <span class='ocrx_word' id='word_1_99' title='bbox 1251 1377 1473 1462; x_wconf 78' lang='grc' dir='ltr'><strong><em>ἀναφυρασαι.</em></strong></span> 
     </span>
     <span class='ocr_line' id='line_1_12' title="bbox 168 1472 1474 1561; baseline -0.002 -22"><span class='ocrx_word' id='word_1_100' title='bbox 168 1475 258 1541; x_wconf 76' lang='lat' dir='ltr'>(linis</span> <span class='ocrx_word' id='word_1_101' title='bbox 282 1472 416 1561; x_wconf 80' lang='grc' dir='ltr'>(τέφρα)</span> <span class='ocrx_word' id='word_1_102' title='bbox 442 1496 511 1537; x_wconf 91' lang='lat' dir='ltr'>eam</span> <span class='ocrx_word' id='word_1_103' title='bbox 535 1473 576 1537; x_wconf 92' lang='lat' dir='ltr'>ob</span> <span class='ocrx_word' id='word_1_104' title='bbox 600 1496 667 1536; x_wconf 89' lang='lat' dir='ltr'>rem</span> <span class='ocrx_word' id='word_1_105' title='bbox 691 1473 824 1537; x_wconf 87' lang='lat' dir='ltr'>sanandi</span> <span class='ocrx_word' id='word_1_106' title='bbox 848 1473 978 1537; x_wconf 84' lang='lat' dir='ltr'>exhibet</span> <span class='ocrx_word' id='word_1_107' title='bbox 1001 1474 1076 1558; x_wconf 86' lang='lat' dir='ltr'>vim,</span> <span class='ocrx_word' id='word_1_108' title='bbox 1101 1474 1175 1558; x_wconf 91' lang='lat' dir='ltr'>quia</span> <span class='ocrx_word' id='word_1_109' title='bbox 1204 1475 1237 1536; x_wconf 94' lang='lat' dir='ltr'>in</span> <span class='ocrx_word' id='word_1_110' title='bbox 1265 1498 1320 1538; x_wconf 87' lang='lat' dir='ltr'>ara</span> <span class='ocrx_word' id='word_1_111' title='bbox 1343 1480 1391 1539; x_wconf 90' lang='lat' dir='ltr'>est</span> <span class='ocrx_word' id='word_1_112' title='bbox 1415 1476 1474 1560; x_wconf 90' lang='lat' dir='ltr'>dei,</span> 
     </span>
     <span class='ocr_line' id='line_1_13' title="bbox 166 1569 1474 1657; baseline 0 -20"><span class='ocrx_word' id='word_1_113' title='bbox 166 1575 275 1657; x_wconf 87' lang='lat' dir='ltr'>itaque</span> <span class='ocrx_word' id='word_1_114' title='bbox 300 1593 388 1636; x_wconf 87' lang='lat' dir='ltr'>sacer</span> <span class='ocrx_word' id='word_1_115' title='bbox 417 1592 454 1634; x_wconf 88' lang='lat' dir='ltr'>ac</span> <span class='ocrx_word' id='word_1_116' title='bbox 482 1571 636 1634; x_wconf 88' lang='lat' dir='ltr'>salutifer.</span> <span class='ocrx_word' id='word_1_117' title='bbox 683 1569 827 1646; x_wconf 84' lang='lat' dir='ltr'>Quocum</span> <span class='ocrx_word' id='word_1_118' title='bbox 856 1571 1000 1635; x_wconf 88' lang='lat' dir='ltr'>conferas</span> <span class='ocrx_word' id='word_1_119' title='bbox 1029 1572 1272 1656; x_wconf 89' lang='lat' dir='ltr'>inscriptionem</span> <span class='ocrx_word' id='word_1_120' title='bbox 1300 1594 1339 1636; x_wconf 85' lang='lat' dir='ltr'>ox</span> <span class='ocrx_word' id='word_1_121' title='bbox 1367 1571 1474 1637; x_wconf 87' lang='lat' dir='ltr'>Ascle-</span> 
     </span>
     <span class='ocr_line' id='line_1_14' title="bbox 167 1669 1473 1757; baseline -0.001 -22"><span class='ocrx_word' id='word_1_122' title='bbox 167 1673 240 1756; x_wconf 91' lang='lat' dir='ltr'>pieo</span> <span class='ocrx_word' id='word_1_123' title='bbox 264 1670 420 1753; x_wconf 87' lang='lat' dir='ltr'>Lebenio,</span> <span class='ocrx_word' id='word_1_124' title='bbox 444 1692 507 1753; x_wconf 90' lang='lat' dir='ltr'>qua</span> <span class='ocrx_word' id='word_1_125' title='bbox 530 1669 704 1733; x_wconf 84' lang='lat' dir='ltr'>curationis</span> <span class='ocrx_word' id='word_1_126' title='bbox 732 1669 948 1755; x_wconf 83' lang='lat' dir='ltr'>fragmentum</span> <span class='ocrx_word' id='word_1_127' title='bbox 981 1669 1074 1733; x_wconf 90' lang='lat' dir='ltr'>nobis</span> <span class='ocrx_word' id='word_1_128' title='bbox 1103 1670 1241 1734; x_wconf 90' lang='lat' dir='ltr'>traditur</span> <span class='ocrx_word' id='word_1_129' title='bbox 1268 1669 1473 1757; x_wconf 85' lang='lat' dir='ltr'>(Philologus</span> 
     </span>
     <span class='ocr_line' id='line_1_15' title="bbox 164 1762 1471 1855; baseline -0.001 -22"><span class='ocrx_word' id='word_1_130' title='bbox 164 1767 301 1833; x_wconf 88' lang='lat' dir='ltr'>XLVIII</span> <span class='ocrx_word' id='word_1_131' title='bbox 325 1766 405 1855; x_wconf 91' lang='grc'><strong>402)</strong></span> <span class='ocrx_word' id='word_1_132' title='bbox 439 1790 467 1830; x_wconf 88' lang='lat' dir='ltr'>v.</span> <span class='ocrx_word' id='word_1_133' title='bbox 488 1767 543 1830; x_wconf 93' lang='lat'>12:</span> <span class='ocrx_word' id='word_1_134' title='bbox 572 1762 641 1831; x_wconf 84' lang='grc' dir='ltr'><strong><em>εἶτα</em></strong></span> <span class='ocrx_word' id='word_1_135' title='bbox 668 1770 786 1831; x_wconf 83' lang='grc' dir='ltr'><strong><em>κονίαν</em></strong></span> <span class='ocrx_word' id='word_1_136' title='bbox 814 1767 877 1832; x_wconf 80' lang='grc' dir='ltr'>ἀπὸ</span> <span class='ocrx_word' id='word_1_137' title='bbox 906 1776 963 1850; x_wconf 77' lang='grc' dir='ltr'>τῆς</span> <span class='ocrx_word' id='word_1_138' title='bbox 991 1768 1098 1854; x_wconf 73' lang='grc' dir='ltr'><strong><em>ἱερᾶς</em></strong></span> <span class='ocrx_word' id='word_1_139' title='bbox 1127 1770 1276 1832; x_wconf 78' lang='grc' dir='ltr'><em>σποδοῦ</em></span> <span class='ocrx_word' id='word_1_140' title='bbox 1305 1766 1360 1855; x_wconf 85' lang='lat' dir='ltr'>(sc.</span> <span class='ocrx_word' id='word_1_141' title='bbox 1385 1791 1471 1850; x_wconf 78' lang='lat' dir='ltr'>prae</span> 
     </span>
     <span class='ocr_line' id='line_1_16' title="bbox 166 1864 1473 1951; baseline -0.001 -20"><span class='ocrx_word' id='word_1_142' title='bbox 166 1868 296 1949; x_wconf 88' lang='lat' dir='ltr'>scripsit</span> <span class='ocrx_word' id='word_1_143' title='bbox 319 1864 420 1951; x_wconf 80' lang='lat' dir='ltr'>deus).</span> <span class='ocrx_word' id='word_1_144' title='bbox 457 1864 506 1928; x_wconf 91' lang='lat' dir='ltr'>De</span> <span class='ocrx_word' id='word_1_145' title='bbox 530 1865 605 1928; x_wconf 89' lang='lat' dir='ltr'>vino</span> <span class='ocrx_word' id='word_1_146' title='bbox 629 1865 663 1928; x_wconf 93' lang='lat' dir='ltr'>in</span> <span class='ocrx_word' id='word_1_147' title='bbox 686 1869 887 1929; x_wconf 91' lang='lat' dir='ltr'>mortuorum</span> <span class='ocrx_word' id='word_1_148' title='bbox 906 1865 995 1928; x_wconf 91' lang='lat' dir='ltr'>cultu</span> <span class='ocrx_word' id='word_1_149' title='bbox 1015 1888 1043 1928; x_wconf 89' lang='lat' dir='ltr'>v.</span> <span class='ocrx_word' id='word_1_150' title='bbox 1059 1864 1191 1950; x_wconf 82' lang='lat' dir='ltr'>Stengel</span> <span class='ocrx_word' id='word_1_151' title='bbox 1211 1864 1264 1930; x_wconf 80' lang='lat' dir='ltr'>Gr.</span> <span class='ocrx_word' id='word_1_152' title='bbox 1283 1865 1473 1931; x_wconf 74' lang='lat' dir='ltr'>Kultusalt.²</span> 
     </span>
     <span class='ocr_line' id='line_1_17' title="bbox 167 1961 1472 2049; baseline -0.001 -21"><span class='ocrx_word' id='word_1_153' title='bbox 167 1990 197 2049; x_wconf 94' lang='lat' dir='ltr'>p.</span> <span class='ocrx_word' id='word_1_154' title='bbox 214 1966 286 2028; x_wconf 88' lang='lat'>132.</span> <span class='ocrx_word' id='word_1_155' title='bbox 311 1964 349 2028; x_wconf 88' lang='lat' dir='ltr'>cf.</span> <span class='ocrx_word' id='word_1_156' title='bbox 368 1962 459 2026; x_wconf 90' lang='lat' dir='ltr'>Diels</span> <span class='ocrx_word' id='word_1_157' title='bbox 484 1961 549 2027; x_wconf 84' lang='lat' dir='ltr'>sib.</span> <span class='ocrx_word' id='word_1_158' title='bbox 569 1963 617 2026; x_wconf 94' lang='lat' dir='ltr'>Bl.</span> <span class='ocrx_word' id='word_1_159' title='bbox 637 1986 667 2044; x_wconf 90' lang='lat' dir='ltr'>p.</span> <span class='ocrx_word' id='word_1_160' title='bbox 684 1962 734 2046; x_wconf 91' lang='lat'>71,</span> <span class='ocrx_word' id='word_1_161' title='bbox 751 1964 778 2026; x_wconf 91' lang='lat'>1.</span> <span class='ocrx_word' id='word_1_162' title='bbox 802 1962 933 2047; x_wconf 86' lang='lat' dir='ltr'>Vinum,</span> <span class='ocrx_word' id='word_1_163' title='bbox 956 1961 1072 2046; x_wconf 90' lang='lat' dir='ltr'>oleum,</span> <span class='ocrx_word' id='word_1_164' title='bbox 1096 1962 1159 2025; x_wconf 87' lang='lat' dir='ltr'>mol</span> <span class='ocrx_word' id='word_1_165' title='bbox 1183 1963 1217 2024; x_wconf 90' lang='lat' dir='ltr'>in</span> <span class='ocrx_word' id='word_1_166' title='bbox 1240 1963 1351 2026; x_wconf 90' lang='lat' dir='ltr'>eodem</span> <span class='ocrx_word' id='word_1_167' title='bbox 1370 1964 1472 2033; x_wconf 86' lang='lat' dir='ltr'>cultu:</span> 
     </span>
     <span class='ocr_line' id='line_1_18' title="bbox 165 2057 1473 2146; baseline -0.002 -19"><span class='ocrx_word' id='word_1_168' title='bbox 165 2086 194 2127; x_wconf 87' lang='lat' dir='ltr'>v.</span> <span class='ocrx_word' id='word_1_169' title='bbox 213 2062 327 2126; x_wconf 85' lang='lat' dir='ltr'>Rohde</span> <span class='ocrx_word' id='word_1_170' title='bbox 346 2057 488 2144; x_wconf 70' lang='lat' dir='ltr'>Psyche²</span> <span class='ocrx_word' id='word_1_171' title='bbox 505 2058 521 2122; x_wconf 94' lang='lat' dir='ltr'>I</span> <span class='ocrx_word' id='word_1_172' title='bbox 541 2060 615 2124; x_wconf 87' lang='lat'>231.</span> <span class='ocrx_word' id='word_1_173' title='bbox 652 2059 782 2144; x_wconf 86' lang='lat' dir='ltr'>Vinum,</span> <span class='ocrx_word' id='word_1_174' title='bbox 800 2060 859 2146; x_wconf 90' lang='lat' dir='ltr'>lac,</span> <span class='ocrx_word' id='word_1_175' title='bbox 878 2061 941 2124; x_wconf 89' lang='lat' dir='ltr'>mel</span> <span class='ocrx_word' id='word_1_176' title='bbox 961 2061 994 2122; x_wconf 93' lang='lat' dir='ltr'>in</span> <span class='ocrx_word' id='word_1_177' title='bbox 1013 2060 1102 2123; x_wconf 91' lang='lat' dir='ltr'>cultu</span> <span class='ocrx_word' id='word_1_178' title='bbox 1121 2059 1289 2123; x_wconf 89' lang='lat' dir='ltr'>chthoni0:</span> <span class='ocrx_word' id='word_1_179' title='bbox 1308 2060 1473 2124; x_wconf 88' lang='lat' dir='ltr'>Dieterich</span> 
     </span>
     <span class='ocr_line' id='line_1_19' title="bbox 166 2155 1472 2243; baseline -0.001 -19"><span class='ocrx_word' id='word_1_180' title='bbox 166 2159 286 2224; x_wconf 83' lang='lat' dir='ltr'>Abrax.</span> <span class='ocrx_word' id='word_1_181' title='bbox 307 2182 337 2241; x_wconf 93' lang='lat' dir='ltr'>p.</span> <span class='ocrx_word' id='word_1_182' title='bbox 354 2155 461 2221; x_wconf 76' lang='lat' dir='ltr'>158A.</span> <span class='ocrx_word' id='word_1_183' title='bbox 498 2157 620 2221; x_wconf 84' lang='lat' dir='ltr'>Vinum</span> <span class='ocrx_word' id='word_1_184' title='bbox 644 2158 678 2220; x_wconf 92' lang='lat' dir='ltr'>in</span> <span class='ocrx_word' id='word_1_185' title='bbox 705 2159 852 2243; x_wconf 88' lang='lat' dir='ltr'>magicis:</span> <span class='ocrx_word' id='word_1_186' title='bbox 876 2157 979 2221; x_wconf 87' lang='lat' dir='ltr'>Wess.</span> <span class='ocrx_word' id='word_1_187' title='bbox 999 2156 1052 2221; x_wconf 81' lang='lat' dir='ltr'>Gr.</span> <span class='ocrx_word' id='word_1_188' title='bbox 1072 2156 1132 2220; x_wconf 92' lang='lat' dir='ltr'>ZP.</span> <span class='ocrx_word' id='word_1_189' title='bbox 1147 2157 1200 2240; x_wconf 84' lang='lat'>43,</span> <span class='ocrx_word' id='word_1_190' title='bbox 1215 2158 1288 2221; x_wconf 83' lang='lat'>908.</span> <span class='ocrx_word' id='word_1_191' title='bbox 1317 2158 1358 2222; x_wconf 92' lang='lat' dir='ltr'>id.</span> <span class='ocrx_word' id='word_1_192' title='bbox 1381 2158 1472 2223; x_wconf 88' lang='lat' dir='ltr'>Neue</span> 
     </span>
     <span class='ocr_line' id='line_1_20' title="bbox 167 2254 1472 2341; baseline -0.002 -19"><span class='ocrx_word' id='word_1_193' title='bbox 167 2257 220 2322; x_wconf 75' lang='lat' dir='ltr'>Gr.</span> <span class='ocrx_word' id='word_1_194' title='bbox 239 2257 299 2320; x_wconf 88' lang='lat' dir='ltr'>ZP.</span> <span class='ocrx_word' id='word_1_195' title='bbox 319 2255 371 2338; x_wconf 76' lang='lat'>25,</span> <span class='ocrx_word' id='word_1_196' title='bbox 388 2256 449 2318; x_wconf 94' lang='lat'>171</span> <span class='ocrx_word' id='word_1_197' title='bbox 467 2287 509 2308; x_wconf 96' lang='lat'><strong><em>=</em></strong></span> <span class='ocrx_word' id='word_1_198' title='bbox 523 2255 603 2319; x_wconf 88' lang='lat' dir='ltr'>Ken.</span> <span class='ocrx_word' id='word_1_199' title='bbox 619 2256 670 2338; x_wconf 84' lang='lat'>89,</span> <span class='ocrx_word' id='word_1_200' title='bbox 688 2256 759 2319; x_wconf 90' lang='lat'>171.</span> <span class='ocrx_word' id='word_1_201' title='bbox 779 2256 821 2318; x_wconf 93' lang='lat' dir='ltr'>ib.</span> <span class='ocrx_word' id='word_1_202' title='bbox 841 2254 893 2318; x_wconf 93' lang='lat' dir='ltr'>W.</span> <span class='ocrx_word' id='word_1_203' title='bbox 911 2256 973 2318; x_wconf 86' lang='lat'>179</span> <span class='ocrx_word' id='word_1_204' title='bbox 989 2287 1031 2308; x_wconf 90' lang='lat'><strong><em>=</em></strong></span> <span class='ocrx_word' id='word_1_205' title='bbox 1046 2255 1085 2318; x_wconf 88' lang='lat' dir='ltr'>K.</span> <span class='ocrx_word' id='word_1_206' title='bbox 1103 2255 1175 2318; x_wconf 85' lang='lat'>179.</span> <span class='ocrx_word' id='word_1_207' title='bbox 1198 2255 1338 2339; x_wconf 87' lang='lat' dir='ltr'>Parthey</span> <span class='ocrx_word' id='word_1_208' title='bbox 1353 2279 1383 2337; x_wconf 91' lang='lat' dir='ltr'>p.</span> <span class='ocrx_word' id='word_1_209' title='bbox 1401 2258 1472 2341; x_wconf 93' lang='grc'><strong>120,</strong></span> 
     </span>
     <span class='ocr_line' id='line_1_21' title="bbox 168 2349 1473 2440; baseline 0 -21"><span class='ocrx_word' id='word_1_210' title='bbox 168 2356 291 2440; x_wconf 82' lang='grc'><strong>1023,</strong></span> <span class='ocrx_word' id='word_1_211' title='bbox 318 2354 391 2437; x_wconf 88' lang='grc'><strong>124,</strong></span> <span class='ocrx_word' id='word_1_212' title='bbox 408 2354 485 2438; x_wconf 93' lang='grc'><strong>171,</strong></span> <span class='ocrx_word' id='word_1_213' title='bbox 506 2353 578 2436; x_wconf 77' lang='lat'>152,</span> <span class='ocrx_word' id='word_1_214' title='bbox 595 2353 644 2416; x_wconf 90' lang='lat'>74.</span> <span class='ocrx_word' id='word_1_215' title='bbox 677 2359 773 2417; x_wconf 79' lang='grc' dir='ltr'><strong><em>οἴνου</em></strong></span> <span class='ocrx_word' id='word_1_216' title='bbox 796 2354 955 2437; x_wconf 75' lang='grc' dir='ltr'><strong><em>κεράμιον</em></strong></span> <span class='ocrx_word' id='word_1_217' title='bbox 984 2351 1103 2416; x_wconf 85' lang='lat' dir='ltr'>Abrax.</span> <span class='ocrx_word' id='word_1_218' title='bbox 1130 2353 1202 2432; x_wconf 83' lang='grc'><strong>179,</strong></span> <span class='ocrx_word' id='word_1_219' title='bbox 1219 2352 1247 2417; x_wconf 93' lang='grc'>7.</span> <span class='ocrx_word' id='word_1_220' title='bbox 1275 2349 1366 2430; x_wconf 80' lang='grc' dir='ltr'><strong><em>οἶνος</em></strong></span> <span class='ocrx_word' id='word_1_221' title='bbox 1389 2354 1473 2419; x_wconf 77' lang='grc' dir='ltr'><strong><em>ἀθα-</em></strong></span> 
     </span>
     <span class='ocr_line' id='line_1_22' title="bbox 165 2446 1472 2535; baseline -0.002 -16"><span class='ocrx_word' id='word_1_222' title='bbox 165 2460 286 2528; x_wconf 90' lang='grc' dir='ltr'><strong><em>λασσος</em></strong></span> <span class='ocrx_word' id='word_1_223' title='bbox 314 2451 355 2514; x_wconf 92' lang='lat' dir='ltr'>ib.</span> <span class='ocrx_word' id='word_1_224' title='bbox 383 2451 455 2533; x_wconf 93' lang='grc'>171,</span> <span class='ocrx_word' id='word_1_225' title='bbox 474 2451 530 2534; x_wconf 91' lang='grc'>21,</span> <span class='ocrx_word' id='word_1_226' title='bbox 561 2451 699 2535; x_wconf 89' lang='grc'><strong>172,13.</strong></span> <span class='ocrx_word' id='word_1_227' title='bbox 729 2451 767 2515; x_wconf 89' lang='lat' dir='ltr'>cf.</span> <span class='ocrx_word' id='word_1_228' title='bbox 789 2452 862 2534; x_wconf 86' lang='lat'>181,</span> <span class='ocrx_word' id='word_1_229' title='bbox 877 2452 950 2534; x_wconf 89' lang='lat' dir='ltr'>2sq.</span> <span class='ocrx_word' id='word_1_230' title='bbox 974 2446 1065 2526; x_wconf 82' lang='grc' dir='ltr'><strong><em>οἶνος</em></strong></span> <span class='ocrx_word' id='word_1_231' title='bbox 1093 2451 1272 2532; x_wconf 77' lang='grc' dir='ltr'><strong><em>Αἰγύπτιος</em></strong></span> <span class='ocrx_word' id='word_1_232' title='bbox 1295 2450 1398 2516; x_wconf 86' lang='lat' dir='ltr'>Wess.</span> <span class='ocrx_word' id='word_1_233' title='bbox 1419 2451 1472 2516; x_wconf 83' lang='lat' dir='ltr'>Gr.</span> 
     </span>
     <span class='ocr_line' id='line_1_23' title="bbox 106 2543 1473 2633; baseline 0.003 -24"><span class='ocrx_word' id='word_1_234' title='bbox 106 2601 111 2609; x_wconf 90' lang='lat'>.</span> <span class='ocrx_word' id='word_1_235' title='bbox 165 2552 225 2615; x_wconf 93' lang='lat' dir='ltr'>ZP.</span> <span class='ocrx_word' id='word_1_236' title='bbox 247 2550 298 2633; x_wconf 88' lang='lat'>80,</span> <span class='ocrx_word' id='word_1_237' title='bbox 313 2549 410 2612; x_wconf 88' lang='lat'>2371.</span> <span class='ocrx_word' id='word_1_238' title='bbox 436 2543 529 2623; x_wconf 79' lang='grc' dir='ltr'><strong><em>οἶνος</em></strong></span> <span class='ocrx_word' id='word_1_239' title='bbox 552 2548 744 2625; x_wconf 77' lang='grc' dir='ltr'><strong><em>ἀθόλασσος</em></strong></span> <span class='ocrx_word' id='word_1_240' title='bbox 768 2549 952 2631; x_wconf 80' lang='grc' dir='ltr'><strong><em>Αἰγύπτιος</em></strong></span> <span class='ocrx_word' id='word_1_241' title='bbox 975 2547 1052 2611; x_wconf 92' lang='lat' dir='ltr'>Abr.</span> <span class='ocrx_word' id='word_1_242' title='bbox 1073 2548 1147 2630; x_wconf 87' lang='grc'><strong>204,</strong></span> <span class='ocrx_word' id='word_1_243' title='bbox 1161 2548 1191 2611; x_wconf 83' lang='lat'>3.</span> <span class='ocrx_word' id='word_1_244' title='bbox 1224 2544 1316 2624; x_wconf 79' lang='grc' dir='ltr'><strong><em>οἶνος</em></strong></span> <span class='ocrx_word' id='word_1_245' title='bbox 1339 2551 1473 2632; x_wconf 79' lang='grc' dir='ltr'><strong><em>Μενδή-</em></strong></span> 
     </span>
     <span class='ocr_line' id='line_1_24' title="bbox 165 2644 1473 2733; baseline -0.002 -18"><span class='ocrx_word' id='word_1_246' title='bbox 165 2668 236 2726; x_wconf 87' lang='grc' dir='ltr'><strong><em>σιος</em></strong></span> <span class='ocrx_word' id='word_1_247' title='bbox 258 2647 361 2710; x_wconf 90' lang='lat' dir='ltr'>Wess.</span> <span class='ocrx_word' id='word_1_248' title='bbox 382 2645 434 2710; x_wconf 75' lang='lat' dir='ltr'>Gr.</span> <span class='ocrx_word' id='word_1_249' title='bbox 454 2645 515 2709; x_wconf 90' lang='lat' dir='ltr'>ZP.</span> <span class='ocrx_word' id='word_1_250' title='bbox 534 2646 586 2730; x_wconf 91' lang='grc'><strong>40,</strong></span> <span class='ocrx_word' id='word_1_251' title='bbox 603 2646 622 2710; x_wconf 97' lang='lat'>7</span> <span class='ocrx_word' id='word_1_252' title='bbox 626 2646 676 2710; x_wconf 85' lang='lat'>68.</span> <span class='ocrx_word' id='word_1_253' title='bbox 701 2647 841 2730; x_wconf 87' lang='lat' dir='ltr'>Parthey</span> <span class='ocrx_word' id='word_1_254' title='bbox 859 2647 930 2730; x_wconf 88' lang='lat'>122,</span> <span class='ocrx_word' id='word_1_255' title='bbox 942 2645 1036 2730; x_wconf 79' lang='lat' dir='ltr'>85sq.</span> <span class='ocrx_word' id='word_1_256' title='bbox 1056 2644 1110 2732; x_wconf 88' lang='lat' dir='ltr'>(cf.</span> <span class='ocrx_word' id='word_1_257' title='bbox 1119 2646 1203 2709; x_wconf 87' lang='lat' dir='ltr'>infra</span> <span class='ocrx_word' id='word_1_258' title='bbox 1217 2668 1247 2728; x_wconf 91' lang='lat' dir='ltr'>p.</span> <span class='ocrx_word' id='word_1_259' title='bbox 1261 2644 1329 2733; x_wconf 85' lang='grc'><strong>47.)</strong></span> <span class='ocrx_word' id='word_1_260' title='bbox 1353 2647 1473 2712; x_wconf 72' lang='grc' dir='ltr'><strong><em>σπένδε</em></strong></span> 
     </span>
     <span class='ocr_line' id='line_1_25' title="bbox 166 2739 1472 2832; baseline -0.002 -19"><span class='ocrx_word' id='word_1_261' title='bbox 166 2750 250 2832; x_wconf 78' lang='grc' dir='ltr'><strong><em>γάλα</em></strong></span> <span class='ocrx_word' id='word_1_262' title='bbox 273 2745 347 2830; x_wconf 83' lang='grc' dir='ltr'><strong><em>μέλι</em></strong></span> <span class='ocrx_word' id='word_1_263' title='bbox 368 2740 463 2810; x_wconf 80' lang='grc' dir='ltr'><strong><em>οἶνον</em></strong></span> <span class='ocrx_word' id='word_1_264' title='bbox 482 2747 595 2809; x_wconf 85' lang='grc' dir='ltr'><strong><em>ἔλαιον</em></strong></span> <span class='ocrx_word' id='word_1_265' title='bbox 613 2743 716 2808; x_wconf 90' lang='lat' dir='ltr'>Wess.</span> <span class='ocrx_word' id='word_1_266' title='bbox 737 2744 790 2809; x_wconf 83' lang='lat' dir='ltr'>Gr.</span> <span class='ocrx_word' id='word_1_267' title='bbox 805 2744 865 2808; x_wconf 92' lang='lat' dir='ltr'>ZP.</span> <span class='ocrx_word' id='word_1_268' title='bbox 883 2744 934 2829; x_wconf 79' lang='lat'>75,</span> <span class='ocrx_word' id='word_1_269' title='bbox 948 2743 1087 2828; x_wconf 88' lang='lat' dir='ltr'>2192sq.</span> <span class='ocrx_word' id='word_1_270' title='bbox 1112 2745 1196 2827; x_wconf 76' lang='grc' dir='ltr'><strong><em>γάλα</em></strong></span> <span class='ocrx_word' id='word_1_271' title='bbox 1220 2739 1315 2810; x_wconf 81' lang='grc' dir='ltr'><strong><em>οἶνον</em></strong></span> <span class='ocrx_word' id='word_1_272' title='bbox 1338 2745 1472 2831; x_wconf 76' lang='grc' dir='ltr'><strong><em>ὕδωρ...</em></strong></span> 
     </span>
     <span class='ocr_line' id='line_1_26' title="bbox 166 2841 1473 2927; baseline -0.002 -16"><span class='ocrx_word' id='word_1_273' title='bbox 166 2845 286 2911; x_wconf 76' lang='grc' dir='ltr'><strong><em>σπένδε</em></strong></span> <span class='ocrx_word' id='word_1_274' title='bbox 309 2842 429 2907; x_wconf 85' lang='lat' dir='ltr'>Abrax.</span> <span class='ocrx_word' id='word_1_275' title='bbox 450 2842 524 2926; x_wconf 88' lang='grc'><strong>204,</strong></span> <span class='ocrx_word' id='word_1_276' title='bbox 538 2843 568 2908; x_wconf 91' lang='grc'>4.</span> <span class='ocrx_word' id='word_1_277' title='bbox 593 2844 742 2927; x_wconf 74' lang='grc' dir='ltr'><strong><em>σπονδὴν</em></strong></span> <span class='ocrx_word' id='word_1_278' title='bbox 765 2841 930 2926; x_wconf 80' lang='grc' dir='ltr'><strong><em>τέλε[σο]ν</em></strong></span> <span class='ocrx_word' id='word_1_279' title='bbox 957 2841 1022 2906; x_wconf 81' lang='grc' dir='ltr'>ἀπὸ</span> <span class='ocrx_word' id='word_1_280' title='bbox 1047 2848 1143 2906; x_wconf 76' lang='grc' dir='ltr'><strong><em>οἴνου</em></strong></span> <span class='ocrx_word' id='word_1_281' title='bbox 1173 2841 1228 2906; x_wconf 81' lang='grc' dir='ltr'>καὶ</span> <span class='ocrx_word' id='word_1_282' title='bbox 1256 2841 1386 2926; x_wconf 83' lang='grc' dir='ltr'><strong><em>μέλιτος</em></strong></span> <span class='ocrx_word' id='word_1_283' title='bbox 1417 2841 1473 2908; x_wconf 79' lang='grc' dir='ltr'>καὶ</span> 
     </span>
     <span class='ocr_line' id='line_1_27' title="bbox 171 2938 1473 3027; baseline -0.002 -20"><span class='ocrx_word' id='word_1_284' title='bbox 171 2944 332 3027; x_wconf 77' lang='grc' dir='ltr'><strong><em>γάλακτος</em></strong></span> <span class='ocrx_word' id='word_1_285' title='bbox 364 2940 418 3006; x_wconf 77' lang='grc' dir='ltr'>καὶ</span> <span class='ocrx_word' id='word_1_286' title='bbox 452 2940 594 3027; x_wconf 81' lang='grc' dir='ltr'><strong><em>ὀμβρίου</em></strong></span> <span class='ocrx_word' id='word_1_287' title='bbox 633 2941 755 3017; x_wconf 76' lang='grc' dir='ltr'><strong><em>ὕδατος</em></strong></span> <span class='ocrx_word' id='word_1_288' title='bbox 787 2939 928 3022; x_wconf 89' lang='lat' dir='ltr'>Parthey</span> <span class='ocrx_word' id='word_1_289' title='bbox 963 2940 1040 3023; x_wconf 84' lang='lat'>128,</span> <span class='ocrx_word' id='word_1_290' title='bbox 1064 2938 1182 3023; x_wconf 77' lang='lat' dir='ltr'>286sq.</span> <span class='ocrx_word' id='word_1_291' title='bbox 1215 2939 1254 3005; x_wconf 86' lang='lat' dir='ltr'>cf.</span> <span class='ocrx_word' id='word_1_292' title='bbox 1291 2940 1382 3004; x_wconf 85' lang='lat' dir='ltr'>Riels</span> <span class='ocrx_word' id='word_1_293' title='bbox 1406 2963 1429 3004; x_wconf 88' lang='lat' dir='ltr'>s.</span> <span class='ocrx_word' id='word_1_294' title='bbox 1453 2964 1473 3004; x_wconf 84' lang='lat' dir='ltr'>v</span> 
     </span>
     <span class='ocr_line' id='line_1_28' title="bbox 165 3038 411 3125; baseline -0.008 -21"><span class='ocrx_word' id='word_1_295' title='bbox 165 3039 296 3125; x_wconf 81' lang='lat' dir='ltr'>Abergl.</span> <span class='ocrx_word' id='word_1_296' title='bbox 316 3038 411 3122; x_wconf 78' lang='lat' dir='ltr'>ocsq.</span> 
     </span>
    </p>

    <p class='ocr_par' dir='ltr' id='par_1_4' title="bbox 165 3131 1473 4296">
     <span class='ocr_line' id='line_1_29' title="bbox 254 3131 1472 3220; baseline -0.002 -20"><span class='ocrx_word' id='word_1_297' title='bbox 254 3135 310 3200; x_wconf 86' lang='grc' dir='ltr'>ΠΙ.</span> <span class='ocrx_word' id='word_1_298' title='bbox 335 3135 369 3200; x_wconf 80' lang='grc' dir='ltr'>ἐκ</span> <span class='ocrx_word' id='word_1_299' title='bbox 401 3144 462 3199; x_wconf 87' lang='grc' dir='ltr'>τοῦ</span> <span class='ocrx_word' id='word_1_300' title='bbox 485 3137 655 3219; x_wconf 83' lang='grc' dir='ltr'><strong><em>τριβώμου</em></strong></span> <span class='ocrx_word' id='word_1_301' title='bbox 677 3131 755 3220; x_wconf 82' lang='grc' dir='ltr'><strong><em>ἆραι</em></strong></span> <span class='ocrx_word' id='word_1_302' title='bbox 782 3138 923 3210; x_wconf 87' lang='grc' dir='ltr'><strong><em>κόκκους</em></strong></span> <span class='ocrx_word' id='word_1_303' title='bbox 950 3137 1130 3218; x_wconf 87' lang='grc' dir='ltr'><strong><em>στροβίλου</em></strong></span> <span class='ocrx_word' id='word_1_304' title='bbox 1157 3133 1212 3198; x_wconf 79' lang='grc' dir='ltr'>καὶ</span> <span class='ocrx_word' id='word_1_305' title='bbox 1243 3145 1364 3217; x_wconf 82' lang='grc' dir='ltr'><strong><em>φαγεῖν</em></strong></span> <span class='ocrx_word' id='word_1_306' title='bbox 1392 3137 1472 3218; x_wconf 81' lang='grc' dir='ltr'><strong><em>μετὰ</em></strong></span> 
     </span>
     <span class='ocr_line' id='line_1_30' title="bbox 165 3231 1473 3321; baseline -0.005 -20"><span class='ocrx_word' id='word_1_307' title='bbox 165 3235 297 3321; x_wconf 82' lang='grc' dir='ltr'><strong><em>μέλιτος</em></strong></span> <span class='ocrx_word' id='word_1_308' title='bbox 325 3232 378 3299; x_wconf 79' lang='grc' dir='ltr'>ἐπὶ</span> <span class='ocrx_word' id='word_1_309' title='bbox 408 3244 496 3318; x_wconf 80' lang='grc' dir='ltr'><strong><em>τρεῖς</em></strong></span> <span class='ocrx_word' id='word_1_310' title='bbox 523 3231 654 3317; x_wconf 80' lang='grc' dir='ltr'><strong><em>ἡμέρας.</em></strong></span> <span class='ocrx_word' id='word_1_311' title='bbox 691 3236 804 3297; x_wconf 89' lang='grc' dir='ltr'><strong><em>κόκκοι</em></strong></span> <span class='ocrx_word' id='word_1_312' title='bbox 832 3234 1024 3318; x_wconf 85' lang='grc' dir='ltr'><strong><em>στροβίλου,</em></strong></span> <span class='ocrx_word' id='word_1_313' title='bbox 1053 3231 1080 3294; x_wconf 90' lang='lat' dir='ltr'>si</span> <span class='ocrx_word' id='word_1_314' title='bbox 1104 3232 1137 3294; x_wconf 92' lang='lat' dir='ltr'>in</span> <span class='ocrx_word' id='word_1_315' title='bbox 1165 3254 1220 3294; x_wconf 90' lang='lat' dir='ltr'>ara</span> <span class='ocrx_word' id='word_1_316' title='bbox 1247 3232 1346 3315; x_wconf 88' lang='lat' dir='ltr'>positi</span> <span class='ocrx_word' id='word_1_317' title='bbox 1374 3236 1473 3314; x_wconf 86' lang='lat' dir='ltr'>erant,</span> 
     </span>
     <span class='ocr_line' id='line_1_31' title="bbox 167 3329 1473 3414; baseline -0.005 -16"><span class='ocrx_word' id='word_1_318' title='bbox 167 3332 317 3399; x_wconf 83' lang='lat' dir='ltr'>videlicet</span> <span class='ocrx_word' id='word_1_319' title='bbox 349 3330 542 3413; x_wconf 82' lang='lat' dir='ltr'>Aesculapio</span> <span class='ocrx_word' id='word_1_320' title='bbox 567 3331 836 3394; x_wconf 85' lang='lat' dir='ltr'>sacrificabantur.</span> <span class='ocrx_word' id='word_1_321' title='bbox 869 3332 1043 3414; x_wconf 79' lang='grc' dir='ltr'><strong><em>στρόβιλος</em></strong></span> <span class='ocrx_word' id='word_1_322' title='bbox 1071 3332 1119 3392; x_wconf 87' lang='lat' dir='ltr'>ost</span> <span class='ocrx_word' id='word_1_323' title='bbox 1142 3329 1248 3413; x_wconf 84' lang='lat' dir='ltr'>pinea,</span> <span class='ocrx_word' id='word_1_324' title='bbox 1275 3351 1342 3392; x_wconf 86' lang='lat' dir='ltr'>nux</span> <span class='ocrx_word' id='word_1_325' title='bbox 1370 3330 1473 3413; x_wconf 91' lang='lat' dir='ltr'>pinus,</span> 
     </span>
     <span class='ocr_line' id='line_1_32' title="bbox 166 3426 1472 3514; baseline -0.006 -18"><span class='ocrx_word' id='word_1_326' title='bbox 166 3429 451 3514; x_wconf 74' lang='lat' dir='ltr'>‘Fichtenuapfon&#39;.</span> <span class='ocrx_word' id='word_1_327' title='bbox 496 3427 707 3511; x_wconf 86' lang='lat' dir='ltr'>Aesculapius</span> <span class='ocrx_word' id='word_1_328' title='bbox 727 3427 896 3511; x_wconf 84' lang='lat' dir='ltr'>Sicyonius</span> <span class='ocrx_word' id='word_1_329' title='bbox 915 3449 934 3489; x_wconf 90' lang='lat' dir='ltr'>a</span> <span class='ocrx_word' id='word_1_330' title='bbox 953 3426 1116 3489; x_wconf 81' lang='lat' dir='ltr'>Calamide</span> <span class='ocrx_word' id='word_1_331' title='bbox 1135 3427 1238 3491; x_wconf 86' lang='lat' dir='ltr'>factus</span> <span class='ocrx_word' id='word_1_332' title='bbox 1257 3427 1357 3490; x_wconf 85' lang='lat' dir='ltr'>altera</span> <span class='ocrx_word' id='word_1_333' title='bbox 1375 3449 1472 3490; x_wconf 85' lang='lat' dir='ltr'>manu</span> 
     </span>
     <span class='ocr_line' id='line_1_33' title="bbox 166 3523 1473 3614; baseline -0.006 -19"><span class='ocrx_word' id='word_1_334' title='bbox 166 3532 295 3614; x_wconf 87' lang='lat' dir='ltr'>pineam</span> <span class='ocrx_word' id='word_1_335' title='bbox 333 3525 504 3614; x_wconf 86' lang='lat' dir='ltr'>tenebat¹).</span> <span class='ocrx_word' id='word_1_336' title='bbox 560 3523 613 3589; x_wconf 89' lang='lat' dir='ltr'>Ad</span> <span class='ocrx_word' id='word_1_337' title='bbox 645 3530 852 3590; x_wconf 89' lang='lat' dir='ltr'>monumenta</span> <span class='ocrx_word' id='word_1_338' title='bbox 887 3525 973 3609; x_wconf 91' lang='lat' dir='ltr'>quod</span> <span class='ocrx_word' id='word_1_339' title='bbox 1009 3525 1138 3606; x_wconf 88' lang='lat' dir='ltr'>attinet,</span> <span class='ocrx_word' id='word_1_340' title='bbox 1173 3525 1211 3589; x_wconf 86' lang='lat' dir='ltr'>cf.</span> <span class='ocrx_word' id='word_1_341' title='bbox 1244 3523 1473 3588; x_wconf 85' lang='lat' dir='ltr'>Thraemerum</span> 
     </span>
     <span class='ocr_line' id='line_1_34' title="bbox 166 3619 1473 3707; baseline -0.005 -15"><span class='ocrx_word' id='word_1_342' title='bbox 166 3629 200 3691; x_wconf 96' lang='lat' dir='ltr'>in</span> <span class='ocrx_word' id='word_1_343' title='bbox 222 3627 378 3692; x_wconf 85' lang='lat' dir='ltr'>Roscheri</span> <span class='ocrx_word' id='word_1_344' title='bbox 406 3624 466 3689; x_wconf 84' lang='lat' dir='ltr'>lex.</span> <span class='ocrx_word' id='word_1_345' title='bbox 491 3624 593 3707; x_wconf 86' lang='lat' dir='ltr'>myth.</span> <span class='ocrx_word' id='word_1_346' title='bbox 617 3647 640 3688; x_wconf 93' lang='lat' dir='ltr'>s.</span> <span class='ocrx_word' id='word_1_347' title='bbox 662 3647 690 3688; x_wconf 85' lang='lat' dir='ltr'>v.</span> <span class='ocrx_word' id='word_1_348' title='bbox 714 3622 887 3706; x_wconf 87' lang='lat' dir='ltr'>Asklepios</span> <span class='ocrx_word' id='word_1_349' title='bbox 909 3645 939 3705; x_wconf 92' lang='lat' dir='ltr'>p.</span> <span class='ocrx_word' id='word_1_350' title='bbox 964 3621 1037 3685; x_wconf 83' lang='lat'>628.</span> <span class='ocrx_word' id='word_1_351' title='bbox 1085 3619 1211 3685; x_wconf 82' lang='lat' dir='ltr'>Corona</span> <span class='ocrx_word' id='word_1_352' title='bbox 1238 3622 1332 3703; x_wconf 89' lang='lat' dir='ltr'>pinea</span> <span class='ocrx_word' id='word_1_353' title='bbox 1360 3626 1473 3686; x_wconf 89' lang='lat' dir='ltr'>ornata</span> 
     </span>
     <span class='ocr_line' id='line_1_35' title="bbox 168 3718 1472 3809; baseline -0.005 -19"><span class='ocrx_word' id='word_1_354' title='bbox 168 3730 217 3791; x_wconf 88' lang='lat' dir='ltr'>est</span> <span class='ocrx_word' id='word_1_355' title='bbox 248 3748 348 3809; x_wconf 84' lang='lat' dir='ltr'>parva</span> <span class='ocrx_word' id='word_1_356' title='bbox 380 3727 486 3788; x_wconf 86' lang='lat' dir='ltr'>statua</span> <span class='ocrx_word' id='word_1_357' title='bbox 518 3720 703 3805; x_wconf 88' lang='lat' dir='ltr'>Aesculapii</span> <span class='ocrx_word' id='word_1_358' title='bbox 736 3721 965 3803; x_wconf 88' lang='lat' dir='ltr'>Berolinensis,</span> <span class='ocrx_word' id='word_1_359' title='bbox 998 3742 1026 3782; x_wconf 85' lang='lat' dir='ltr'>v.</span> <span class='ocrx_word' id='word_1_360' title='bbox 1054 3718 1228 3783; x_wconf 82' lang='lat' dir='ltr'>Thraemer</span> <span class='ocrx_word' id='word_1_361' title='bbox 1259 3719 1472 3802; x_wconf 82' lang='lat' dir='ltr'>Pauly-Wiss</span> 
     </span>
     <span class='ocr_line' id='line_1_36' title="bbox 168 3817 1471 3907; baseline -0.004 -20"><span class='ocrx_word' id='word_1_362' title='bbox 168 3847 198 3907; x_wconf 92' lang='lat' dir='ltr'>p.</span> <span class='ocrx_word' id='word_1_363' title='bbox 216 3823 309 3887; x_wconf 89' lang='grc'><strong>1681.</strong></span> <span class='ocrx_word' id='word_1_364' title='bbox 361 3820 399 3885; x_wconf 92' lang='lat' dir='ltr'>In</span> <span class='ocrx_word' id='word_1_365' title='bbox 422 3821 527 3906; x_wconf 86' lang='lat' dir='ltr'>Longi</span> <span class='ocrx_word' id='word_1_366' title='bbox 554 3818 774 3883; x_wconf 86' lang='lat' dir='ltr'>Pastoralibus</span> <span class='ocrx_word' id='word_1_367' title='bbox 802 3818 899 3882; x_wconf 90' lang='lat' dir='ltr'>Panis</span> <span class='ocrx_word' id='word_1_368' title='bbox 926 3820 1033 3880; x_wconf 88' lang='lat' dir='ltr'>statua</span> <span class='ocrx_word' id='word_1_369' title='bbox 1060 3817 1119 3880; x_wconf 92' lang='lat' dir='ltr'>sub</span> <span class='ocrx_word' id='word_1_370' title='bbox 1147 3817 1227 3900; x_wconf 90' lang='lat' dir='ltr'>pinu</span> <span class='ocrx_word' id='word_1_371' title='bbox 1254 3818 1359 3900; x_wconf 90' lang='lat' dir='ltr'>posita</span> <span class='ocrx_word' id='word_1_372' title='bbox 1383 3823 1431 3882; x_wconf 87' lang='lat' dir='ltr'>est</span> <span class='ocrx_word' id='word_1_373' title='bbox 1449 3817 1471 3905; x_wconf 89' lang='lat'><em>)</em></span> 
     </span>
     <span class='ocr_line' id='line_1_37' title="bbox 166 3913 1471 4001; baseline -0.003 -17"><span class='ocrx_word' id='word_1_374' title='bbox 166 3920 325 3985; x_wconf 90' lang='lat' dir='ltr'>Attendas</span> <span class='ocrx_word' id='word_1_375' title='bbox 354 3919 475 3983; x_wconf 89' lang='lat' dir='ltr'>Panem</span> <span class='ocrx_word' id='word_1_376' title='bbox 505 3918 571 3981; x_wconf 86' lang='lat' dir='ltr'>fere</span> <span class='ocrx_word' id='word_1_377' title='bbox 604 3917 739 3980; x_wconf 86' lang='lat' dir='ltr'>eundem</span> <span class='ocrx_word' id='word_1_378' title='bbox 768 3938 836 3980; x_wconf 87' lang='lat' dir='ltr'>esse</span> <span class='ocrx_word' id='word_1_379' title='bbox 868 3936 905 3979; x_wconf 91' lang='lat' dir='ltr'>ac</span> <span class='ocrx_word' id='word_1_380' title='bbox 935 3913 1127 4001; x_wconf 76' lang='lat' dir='ltr'>Faunum3),</span> <span class='ocrx_word' id='word_1_381' title='bbox 1160 3914 1212 3978; x_wconf 91' lang='lat' dir='ltr'>cui</span> <span class='ocrx_word' id='word_1_382' title='bbox 1239 3915 1471 3980; x_wconf 86' lang='lat' dir='ltr'>incubaverunt</span> 
     </span>
     <span class='ocr_line' id='line_1_38' title="bbox 165 4011 1472 4098; baseline -0.005 -15"><span class='ocrx_word' id='word_1_383' title='bbox 165 4018 274 4084; x_wconf 88' lang='lat' dir='ltr'>Numa</span> <span class='ocrx_word' id='word_1_384' title='bbox 298 4020 330 4080; x_wconf 86' lang='lat' dir='ltr'>et</span> <span class='ocrx_word' id='word_1_385' title='bbox 352 4016 494 4079; x_wconf 88' lang='lat' dir='ltr'>Latinus·</span> <span class='ocrx_word' id='word_1_386' title='bbox 540 4016 652 4098; x_wconf 65' lang='grc' dir='ltr'><strong><em>»νίκας</em></strong></span> <span class='ocrx_word' id='word_1_387' title='bbox 677 4020 771 4097; x_wconf 78' lang='lat' dir='ltr'>proto</span> <span class='ocrx_word' id='word_1_388' title='bbox 797 4016 887 4079; x_wconf 81' lang='lat' dir='ltr'>deum</span> <span class='ocrx_word' id='word_1_389' title='bbox 913 4015 1026 4077; x_wconf 65' lang='grc' dir='ltr'>νιιιλνόί</span> <span class='ocrx_word' id='word_1_390' title='bbox 1050 4011 1107 4076; x_wconf 89' lang='lat' dir='ltr'>Ov.</span> <span class='ocrx_word' id='word_1_391' title='bbox 1126 4012 1202 4076; x_wconf 90' lang='lat' dir='ltr'>Met.</span> <span class='ocrx_word' id='word_1_392' title='bbox 1221 4012 1251 4076; x_wconf 89' lang='lat' dir='ltr'>X</span> <span class='ocrx_word' id='word_1_393' title='bbox 1273 4013 1387 4098; x_wconf 87' lang='lat' dir='ltr'>103sq.</span> <span class='ocrx_word' id='word_1_394' title='bbox 1433 4014 1472 4077; x_wconf 92' lang='lat' dir='ltr'>In</span> 
     </span>
     <span class='ocr_line' id='line_1_39' title="bbox 167 4109 1470 4197; baseline -0.004 -17"><span class='ocrx_word' id='word_1_395' title='bbox 167 4113 434 4197; x_wconf 82' lang='lat' dir='ltr'>Thesmophoriis</span> <span class='ocrx_word' id='word_1_396' title='bbox 465 4114 698 4196; x_wconf 81' lang='grc' dir='ltr'><strong><em>λαμβάνουσι.</em></strong></span> <span class='ocrx_word' id='word_1_397' title='bbox 719 4113 855 4177; x_wconf 83' lang='grc' dir='ltr'><strong><em>,κώνου</em></strong></span> <span class='ocrx_word' id='word_1_398' title='bbox 880 4109 937 4197; x_wconf 84' lang='lat'>(=</span> <span class='ocrx_word' id='word_1_399' title='bbox 953 4109 1145 4196; x_wconf 77' lang='grc' dir='ltr'><strong><em>στροβίλου)</em></strong></span> <span class='ocrx_word' id='word_1_400' title='bbox 1174 4115 1323 4187; x_wconf 76' lang='grc' dir='ltr'><strong><em>θαλλοὺς</em></strong></span> <span class='ocrx_word' id='word_1_401' title='bbox 1350 4114 1406 4176; x_wconf 74' lang='grc' dir='ltr'>διὰ</span> <span class='ocrx_word' id='word_1_402' title='bbox 1433 4113 1470 4175; x_wconf 90' lang='grc' dir='ltr'>τὸ</span> 
     </span>
     <span class='ocr_line' id='line_1_40' title="bbox 167 4205 1471 4296; baseline -0.006 -16"><span class='ocrx_word' id='word_1_403' title='bbox 167 4215 359 4296; x_wconf 84' lang='grc' dir='ltr'><strong><em>πολύγονον</em></strong></span> <span class='ocrx_word' id='word_1_404' title='bbox 375 4220 436 4276; x_wconf 84' lang='grc' dir='ltr'>τοῦ</span> <span class='ocrx_word' id='word_1_405' title='bbox 455 4220 573 4294; x_wconf 85' lang='grc' dir='ltr'><strong><em>φυτοῦ.</em></strong></span> <span class='ocrx_word' id='word_1_406' title='bbox 594 4211 811 4296; x_wconf 81' lang='grc' dir='ltr'><strong><em>ἐμβάλλονται</em></strong></span> <span class='ocrx_word' id='word_1_407' title='bbox 831 4205 868 4273; x_wconf 71' lang='grc' dir='ltr'>δὲ</span> <span class='ocrx_word' id='word_1_408' title='bbox 886 4207 941 4273; x_wconf 81' lang='grc' dir='ltr'>καὶ</span> <span class='ocrx_word' id='word_1_409' title='bbox 960 4209 1007 4284; x_wconf 79' lang='grc' dir='ltr'>εἰς</span> <span class='ocrx_word' id='word_1_410' title='bbox 1024 4210 1065 4272; x_wconf 82' lang='grc' dir='ltr'>τὰ</span> <span class='ocrx_word' id='word_1_411' title='bbox 1083 4207 1210 4293; x_wconf 77' lang='grc' dir='ltr'><strong><em>μέγαρα</em></strong></span> <span class='ocrx_word' id='word_1_412' title='bbox 1228 4209 1334 4284; x_wconf 79' lang='grc' dir='ltr'><strong><em>οὕτως</em></strong></span> <span class='ocrx_word' id='word_1_413' title='bbox 1351 4210 1471 4273; x_wconf 88' lang='grc' dir='ltr'><strong><em>καλού-</em></strong></span> 
     </span>
    </p>
   </div>
   <div class='ocr_carea' id='block_1_3' title="bbox 256 4398 1470 4476">
    <p class='ocr_par' dir='ltr' id='par_1_5' title="bbox 256 4398 1470 4476">
     <span class='ocr_line' id='line_1_41' title="bbox 256 4398 1470 4476; baseline -0.002 -18"><span class='ocrx_word' id='word_1_414' title='bbox 256 4410 283 4475; x_wconf 86' lang='grc'>1)</span> <span class='ocrx_word' id='word_1_415' title='bbox 301 4406 382 4459; x_wconf 88' lang='lat' dir='ltr'>Paus.</span> <span class='ocrx_word' id='word_1_416' title='bbox 397 4404 423 4456; x_wconf 91' lang='grc' dir='ltr'>Π</span> <span class='ocrx_word' id='word_1_417' title='bbox 439 4408 481 4471; x_wconf 87' lang='grc'><strong>10,</strong></span> <span class='ocrx_word' id='word_1_418' title='bbox 496 4408 525 4458; x_wconf 81' lang='lat'>3:</span> <span class='ocrx_word' id='word_1_419' title='bbox 545 4402 599 4474; x_wconf 73' lang='grc' dir='ltr'><strong><em>ἔχει</em></strong></span> <span class='ocrx_word' id='word_1_420' title='bbox 618 4402 649 4458; x_wconf 70' lang='grc' dir='ltr'>δὲ</span> <span class='ocrx_word' id='word_1_421' title='bbox 669 4405 695 4476; x_wconf 82' lang='grc' dir='ltr'>(ὁ</span> <span class='ocrx_word' id='word_1_422' title='bbox 713 4403 791 4472; x_wconf 77' lang='grc' dir='ltr'><strong><em>θεὸς)</em></strong></span> <span class='ocrx_word' id='word_1_423' title='bbox 811 4448 815 4458; x_wconf 93' lang='grc'><em>.</em></span> <span class='ocrx_word' id='word_1_424' title='bbox 838 4445 843 4456; x_wconf 93' lang='grc'>.</span> <span class='ocrx_word' id='word_1_425' title='bbox 865 4446 870 4455; x_wconf 85' lang='grc'><em>.</em></span> <span class='ocrx_word' id='word_1_426' title='bbox 891 4401 936 4455; x_wconf 67' lang='grc' dir='ltr'>ἐπὶ</span> <span class='ocrx_word' id='word_1_427' title='bbox 955 4409 1004 4471; x_wconf 83' lang='grc' dir='ltr'>τῆς</span> <span class='ocrx_word' id='word_1_428' title='bbox 1023 4399 1118 4468; x_wconf 79' lang='grc' dir='ltr'><strong><em>ἑτέρας</em></strong></span> <span class='ocrx_word' id='word_1_429' title='bbox 1135 4402 1227 4471; x_wconf 80' lang='grc' dir='ltr'><strong><em>χειρὸς</em></strong></span> <span class='ocrx_word' id='word_1_430' title='bbox 1245 4398 1343 4463; x_wconf 77' lang='grc' dir='ltr'><strong><em>πίτυος</em></strong></span> <span class='ocrx_word' id='word_1_431' title='bbox 1360 4400 1470 4466; x_wconf 86' lang='grc' dir='ltr'><strong><em>καρπὸν</em></strong></span> 
     </span>
    </p>
   </div>
   <div class='ocr_carea' id='block_1_4' title="bbox 166 4484 859 4627">
    <p class='ocr_par' dir='ltr' id='par_1_6' title="bbox 166 4484 859 4627">
     <span class='ocr_line' id='line_1_42' title="bbox 166 4484 344 4557; baseline -0.022 0"><span class='ocrx_word' id='word_1_432' title='bbox 166 4495 215 4557; x_wconf 72' lang='grc' dir='ltr'>τῆς</span> <span class='ocrx_word' id='word_1_433' title='bbox 232 4484 344 4556; x_wconf 66' lang='grc' dir='ltr'>ἡμέρου·</span> 
     </span>
     <span class='ocr_line' id='line_1_43' title="bbox 256 4555 859 4627; baseline -0.005 -17"><span class='ocrx_word' id='word_1_434' title='bbox 256 4560 283 4627; x_wconf 88' lang='grc'><strong>2)</strong></span> <span class='ocrx_word' id='word_1_435' title='bbox 302 4557 414 4626; x_wconf 86' lang='lat' dir='ltr'>Longus</span> <span class='ocrx_word' id='word_1_436' title='bbox 433 4555 459 4607; x_wconf 92' lang='grc' dir='ltr'>Π</span> <span class='ocrx_word' id='word_1_437' title='bbox 474 4560 543 4623; x_wconf 86' lang='grc'><strong>24,2</strong></span> <span class='ocrx_word' id='word_1_438' title='bbox 562 4573 588 4623; x_wconf 91' lang='lat' dir='ltr'>p.</span> <span class='ocrx_word' id='word_1_439' title='bbox 605 4560 709 4622; x_wconf 77' lang='grc'><strong>275,17</strong></span> <span class='ocrx_word' id='word_1_440' title='bbox 728 4555 859 4609; x_wconf 86' lang='lat' dir='ltr'>Hercher.</span> 
     </span>
    </p>
   </div>
   <div class='ocr_carea' id='block_1_5' title="bbox 166 4632 1469 4772">
    <p class='ocr_par' dir='ltr' id='par_1_7' title="bbox 166 4632 1469 4772">
     <span class='ocr_line' id='line_1_44' title="bbox 256 4632 1469 4706; baseline -0.002 -16"><span class='ocrx_word' id='word_1_441' title='bbox 256 4641 283 4706; x_wconf 86' lang='lat'>3)</span> <span class='ocrx_word' id='word_1_442' title='bbox 301 4636 458 4690; x_wconf 88' lang='lat' dir='ltr'>Maenalius</span> <span class='ocrx_word' id='word_1_443' title='bbox 483 4637 552 4689; x_wconf 88' lang='lat' dir='ltr'>deus</span> <span class='ocrx_word' id='word_1_444' title='bbox 577 4635 611 4688; x_wconf 88' lang='lat' dir='ltr'>de</span> <span class='ocrx_word' id='word_1_445' title='bbox 634 4634 731 4689; x_wconf 82' lang='lat' dir='ltr'>Fauno</span> <span class='ocrx_word' id='word_1_446' title='bbox 759 4634 806 4690; x_wconf 88' lang='lat' dir='ltr'>Ov.</span> <span class='ocrx_word' id='word_1_447' title='bbox 831 4636 905 4689; x_wconf 85' lang='lat' dir='ltr'>Fast.</span> <span class='ocrx_word' id='word_1_448' title='bbox 930 4633 968 4687; x_wconf 89' lang='lat' dir='ltr'>IV</span> <span class='ocrx_word' id='word_1_449' title='bbox 988 4639 1048 4687; x_wconf 79' lang='lat'>650.</span> <span class='ocrx_word' id='word_1_450' title='bbox 1085 4632 1242 4687; x_wconf 87' lang='lat' dir='ltr'>Maenalius</span> <span class='ocrx_word' id='word_1_451' title='bbox 1266 4659 1300 4678; x_wconf 94' lang='lat'><strong><em>=</em></strong></span> <span class='ocrx_word' id='word_1_452' title='bbox 1323 4632 1469 4704; x_wconf 83' lang='lat' dir='ltr'>Arcadius,</span> 
     </span>
     <span class='ocr_line' id='line_1_45' title="bbox 166 4716 397 4772; baseline 0 -1"><span class='ocrx_word' id='word_1_453' title='bbox 166 4717 288 4772; x_wconf 84' lang='lat' dir='ltr'>Arcadia</span> <span class='ocrx_word' id='word_1_454' title='bbox 305 4716 397 4771; x_wconf 83' lang='lat' dir='ltr'>Panis.</span> 
     </span>
    </p>
   </div>
   <div class='ocr_carea' id='block_1_6' title="bbox 0 0 1655 5190">
    <p class='ocr_par' dir='ltr' id='par_1_8' title="bbox 0 0 1655 5190">
     <span class='ocr_line' id='line_1_46' title="bbox 0 0 1655 5190; baseline 0 0"><span class='ocrx_word' id='word_1_455' title='bbox 0 0 1655 5190; x_wconf 95' lang='lat' dir='ltr'> </span> 
     </span>
    </p>
   </div>
  </div>
 </body>
</html>
