<?xml version="1.0" encoding="UTF-8"?>
<!DOCTYPE html PUBLIC "-//W3C//DTD XHTML 1.0 Transitional//EN"
    "http://www.w3.org/TR/xhtml1/DTD/xhtml1-transitional.dtd">
<html xmlns="http://www.w3.org/1999/xhtml" xml:lang="en" lang="en">
 <head>
  <title>
</title>
<meta http-equiv="Content-Type" content="text/html;charset=utf-8" />
  <meta name='ocr-system' content='tesseract 3.04.00' />
  <meta name='ocr-capabilities' content='ocr_page ocr_carea ocr_par ocr_line ocrx_word'/>
</head>
<body>
  <div class='ocr_page' id='page_1' title='image "./deincubationeca00deubgoog_0135.png"; bbox 0 0 3294 5190; ppageno 0'>
   <div class='ocr_carea' id='block_1_1' title="bbox 209 341 1514 410">
    <p class='ocr_par' dir='ltr' id='par_1_1' title="bbox 209 341 1514 410">
     <span class='ocr_line' id='line_1_1' title="bbox 209 341 1514 410; baseline -0.003 -11"><span class='ocrx_word' id='word_1_1' title='bbox 209 343 271 404; x_wconf 76' lang='grc'><strong><em>122</em></strong></span> <span class='ocrx_word' id='word_1_2' title='bbox 778 341 916 395; x_wconf 77' lang='lat' dir='ltr'>Laudatio</span> <span class='ocrx_word' id='word_1_3' title='bbox 1330 348 1355 409; x_wconf 84' lang='lat'><strong><em>3,</em></strong></span> <span class='ocrx_word' id='word_1_4' title='bbox 1367 347 1464 410; x_wconf 76' lang='lat'>13—4,</span> <span class='ocrx_word' id='word_1_5' title='bbox 1477 348 1514 396; x_wconf 86' lang='lat'><strong><em>20</em></strong></span> 
     </span>
    </p>
   </div>
   <div class='ocr_carea' id='block_1_2' title="bbox 172 503 1515 2840">
    <p class='ocr_par' dir='ltr' id='par_1_2' title="bbox 207 503 1514 688">
     <span class='ocr_line' id='line_1_2' title="bbox 207 503 1514 592; baseline 0.002 -23"><span class='ocrx_word' id='word_1_6' title='bbox 207 507 342 589; x_wconf 88' lang='grc' dir='ltr'><strong><em>αἵματος</em></strong></span> <span class='ocrx_word' id='word_1_7' title='bbox 364 503 456 580; x_wconf 88' lang='grc' dir='ltr'><strong><em>τέλος</em></strong></span> <span class='ocrx_word' id='word_1_8' title='bbox 481 507 597 590; x_wconf 90' lang='grc' dir='ltr'><strong><em>ἰδρῶσι</em></strong></span> <span class='ocrx_word' id='word_1_9' title='bbox 620 503 674 569; x_wconf 88' lang='grc' dir='ltr'><strong><em>καί</em></strong></span> <span class='ocrx_word' id='word_1_10' title='bbox 698 508 813 581; x_wconf 96' lang='grc' dir='ltr'><strong><em>πόνοις</em></strong></span> <span class='ocrx_word' id='word_1_11' title='bbox 837 504 1030 592; x_wconf 81' lang='grc' dir='ltr'><strong><em>ἐγκαρτερεῖ.</em></strong></span> <span class='ocrx_word' id='word_1_12' title='bbox 1058 505 1213 570; x_wconf 78' lang='grc' dir='ltr'><strong><em>κάκεῖθεν</em></strong></span> <span class='ocrx_word' id='word_1_13' title='bbox 1245 514 1425 590; x_wconf 80' lang='grc' dir='ltr'><strong><em>στομοῦται</em></strong></span> <span class='ocrx_word' id='word_1_14' title='bbox 1448 503 1514 590; x_wconf 71' lang='grc' dir='ltr'><strong><em>μὲν</em></strong></span> 
     </span>
     <span class='ocr_line' id='line_1_3' title="bbox 207 599 1513 688; baseline 0.002 -22"><span class='ocrx_word' id='word_1_15' title='bbox 207 604 244 667; x_wconf 93' lang='grc' dir='ltr'><strong><em>τὸ</em></strong></span> <span class='ocrx_word' id='word_1_16' title='bbox 268 614 360 686; x_wconf 91' lang='grc' dir='ltr'><strong><em>σῶμα</em></strong></span> <span class='ocrx_word' id='word_1_17' title='bbox 383 603 465 686; x_wconf 84' lang='grc' dir='ltr'><strong><em>πρὸς</em></strong></span> <span class='ocrx_word' id='word_1_18' title='bbox 488 603 634 686; x_wconf 89' lang='grc' dir='ltr'><strong><em>δύναμιν</em></strong></span> <span class='ocrx_word' id='word_1_19' title='bbox 657 605 812 688; x_wconf 87' lang='grc' dir='ltr'><strong><em>ἀρρητον,</em></strong></span> <span class='ocrx_word' id='word_1_20' title='bbox 893 605 1001 680; x_wconf 78' lang='grc' dir='ltr'><strong><em>θείοις</em></strong></span> <span class='ocrx_word' id='word_1_21' title='bbox 1025 599 1062 667; x_wconf 74' lang='grc' dir='ltr'><strong><em>δέ</em></strong></span> <span class='ocrx_word' id='word_1_22' title='bbox 1084 601 1238 687; x_wconf 88' lang='grc' dir='ltr'><strong><em>τρέφεται</em></strong></span> <span class='ocrx_word' id='word_1_23' title='bbox 1313 605 1375 688; x_wconf 77' lang='grc' dir='ltr'><strong><em>τὴν</em></strong></span> <span class='ocrx_word' id='word_1_24' title='bbox 1397 605 1513 688; x_wconf 75' lang='grc' dir='ltr'><strong><em>ψυχὴν</em></strong></span> 
     </span>
    </p>

    <p class='ocr_par' dir='ltr' id='par_1_3' title="bbox 173 695 1492 883">
     <span class='ocr_line' id='line_1_4' title="bbox 173 695 1492 786; baseline 0.002 -21"><span class='ocrx_word' id='word_1_25' title='bbox 173 725 198 766; x_wconf 82' lang='grc' dir='ltr'><strong><em>ιι</em></strong></span> <span class='ocrx_word' id='word_1_26' title='bbox 207 702 431 786; x_wconf 78' lang='grc' dir='ltr'><strong><em>θεωρήμασιν,</em></strong></span> <span class='ocrx_word' id='word_1_27' title='bbox 499 699 553 765; x_wconf 86' lang='grc' dir='ltr'><strong><em>καί</em></strong></span> <span class='ocrx_word' id='word_1_28' title='bbox 577 702 656 784; x_wconf 90' lang='grc' dir='ltr'><strong><em>μετά</em></strong></span> <span class='ocrx_word' id='word_1_29' title='bbox 678 701 739 766; x_wconf 88' lang='grc' dir='ltr'><strong><em>τὸν</em></strong></span> <span class='ocrx_word' id='word_1_30' title='bbox 762 695 870 765; x_wconf 86' lang='grc' dir='ltr'><strong><em>ἀθλον</em></strong></span> <span class='ocrx_word' id='word_1_31' title='bbox 894 701 997 765; x_wconf 89' lang='grc' dir='ltr'><strong><em>αὐτοῦ</em></strong></span> <span class='ocrx_word' id='word_1_32' title='bbox 1021 703 1068 777; x_wconf 90' lang='grc' dir='ltr'><strong><em>εἰς</em></strong></span> <span class='ocrx_word' id='word_1_33' title='bbox 1090 700 1255 784; x_wconf 89' lang='grc' dir='ltr'><strong><em>οὐρανούς</em></strong></span> <span class='ocrx_word' id='word_1_34' title='bbox 1278 699 1492 786; x_wconf 84' lang='grc' dir='ltr'><strong><em>ἀναφέρεται,</em></strong></span> 
     </span>
     <span class='ocr_line' id='line_1_5' title="bbox 207 797 1128 883; baseline 0.001 -21"><span class='ocrx_word' id='word_1_35' title='bbox 207 810 277 874; x_wconf 81' lang='grc' dir='ltr'><strong><em>τοῖς</em></strong></span> <span class='ocrx_word' id='word_1_36' title='bbox 299 810 366 862; x_wconf 88' lang='grc' dir='ltr'><strong><em>τῶν</em></strong></span> <span class='ocrx_word' id='word_1_37' title='bbox 389 798 573 882; x_wconf 79' lang='grc' dir='ltr'><strong><em>ἀσωμάτων</em></strong></span> <span class='ocrx_word' id='word_1_38' title='bbox 595 797 717 863; x_wconf 78' lang='grc' dir='ltr'><strong><em>αὐτόθι</em></strong></span> <span class='ocrx_word' id='word_1_39' title='bbox 739 811 852 883; x_wconf 82' lang='grc' dir='ltr'><strong><em>χοροῖς</em></strong></span> <span class='ocrx_word' id='word_1_40' title='bbox 875 798 1128 883; x_wconf 78' lang='grc' dir='ltr'><strong><em>ἀριθμούμενος.</em></strong></span> 
     </span>
    </p>

    <p class='ocr_par' dir='ltr' id='par_1_4' title="bbox 181 894 1514 1276">
     <span class='ocr_line' id='line_1_6' title="bbox 181 894 1514 982; baseline -0.003 -18"><span class='ocrx_word' id='word_1_41' title='bbox 181 909 198 964; x_wconf 82' lang='grc'>4</span> <span class='ocrx_word' id='word_1_42' title='bbox 300 894 400 979; x_wconf 89' lang='grc' dir='ltr'><strong><em>βαβαί</em></strong></span> <span class='ocrx_word' id='word_1_43' title='bbox 424 906 481 979; x_wconf 79' lang='grc' dir='ltr'><strong><em>τῆς</em></strong></span> <span class='ocrx_word' id='word_1_44' title='bbox 505 897 693 982; x_wconf 78' lang='grc' dir='ltr'><strong><em>ἱερουργίας</em></strong></span> <span class='ocrx_word' id='word_1_45' title='bbox 715 894 770 960; x_wconf 90' lang='grc' dir='ltr'><strong><em>καί</em></strong></span> <span class='ocrx_word' id='word_1_46' title='bbox 793 905 951 980; x_wconf 77' lang='grc' dir='ltr'><strong><em>μυστικῆς</em></strong></span> <span class='ocrx_word' id='word_1_47' title='bbox 974 894 1182 973; x_wconf 77' lang='grc' dir='ltr'><strong><em>τελειώσεως·</em></strong></span> <span class='ocrx_word' id='word_1_48' title='bbox 1262 897 1302 961; x_wconf 89' lang='grc' dir='ltr'><strong><em>οὐ</em></strong></span> <span class='ocrx_word' id='word_1_49' title='bbox 1325 897 1514 979; x_wconf 87' lang='grc' dir='ltr'><strong><em>λιβανωτὸν</em></strong></span> 
     </span>
     <span class='ocr_line' id='line_1_7' title="bbox 209 992 1514 1080; baseline 0.001 -23"><span class='ocrx_word' id='word_1_50' title='bbox 209 995 352 1058; x_wconf 79' lang='grc' dir='ltr'><strong><em>ἀποθύει</em></strong></span> <span class='ocrx_word' id='word_1_51' title='bbox 376 992 431 1058; x_wconf 90' lang='grc' dir='ltr'><strong><em>καί</em></strong></span> <span class='ocrx_word' id='word_1_52' title='bbox 454 1005 524 1071; x_wconf 83' lang='grc' dir='ltr'><strong><em>τοῖς</em></strong></span> <span class='ocrx_word' id='word_1_53' title='bbox 547 993 672 1072; x_wconf 84' lang='grc' dir='ltr'><strong><em>έξωθεν</em></strong></span> <span class='ocrx_word' id='word_1_54' title='bbox 695 998 984 1080; x_wconf 88' lang='grc' dir='ltr'><strong><em>περιρραντηρίοις</em></strong></span> <span class='ocrx_word' id='word_1_55' title='bbox 1007 993 1181 1077; x_wconf 78' lang='grc' dir='ltr'><strong><em>ἀγνίζεται,</em></strong></span> <span class='ocrx_word' id='word_1_56' title='bbox 1244 992 1314 1058; x_wconf 85' lang='grc' dir='ltr'><strong><em>ἀλλ’</em></strong></span> <span class='ocrx_word' id='word_1_57' title='bbox 1338 993 1418 1059; x_wconf 93' lang='grc' dir='ltr'><strong><em>ὅλον</em></strong></span> <span class='ocrx_word' id='word_1_58' title='bbox 1437 992 1514 1059; x_wconf 83' lang='grc' dir='ltr'><strong><em>ἑαυ-</em></strong></span> 
     </span>
     <span class='ocr_line' id='line_1_8' title="bbox 214 1090 1513 1176; baseline 0 -19"><span class='ocrx_word' id='word_1_59' title='bbox 214 1094 272 1157; x_wconf 89' lang='grc' dir='ltr'><strong><em>τὸν</em></strong></span> <span class='ocrx_word' id='word_1_60' title='bbox 296 1093 449 1176; x_wconf 92' lang='grc' dir='ltr'><strong><em>φυράσας</em></strong></span> <span class='ocrx_word' id='word_1_61' title='bbox 472 1097 619 1174; x_wconf 89' lang='grc' dir='ltr'><strong><em>Χριστοῦ</em></strong></span> <span class='ocrx_word' id='word_1_62' title='bbox 642 1101 702 1156; x_wconf 89' lang='grc' dir='ltr'><strong><em>τοῦ</em></strong></span> <span class='ocrx_word' id='word_1_63' title='bbox 728 1095 814 1157; x_wconf 83' lang='grc' dir='ltr'><strong><em>Θεοῦ</em></strong></span> <span class='ocrx_word' id='word_1_64' title='bbox 838 1116 903 1176; x_wconf 93' lang='grc' dir='ltr'><strong><em>μου</em></strong></span> <span class='ocrx_word' id='word_1_65' title='bbox 927 1102 996 1167; x_wconf 83' lang='grc' dir='ltr'><strong><em>τοῖς</em></strong></span> <span class='ocrx_word' id='word_1_66' title='bbox 1019 1093 1133 1176; x_wconf 84' lang='grc' dir='ltr'><strong><em>αἵμασι</em></strong></span> <span class='ocrx_word' id='word_1_67' title='bbox 1191 1090 1246 1156; x_wconf 91' lang='grc' dir='ltr'><strong><em>καί</em></strong></span> <span class='ocrx_word' id='word_1_68' title='bbox 1273 1093 1404 1168; x_wconf 86' lang='grc' dir='ltr'><strong><em>τούτοις</em></strong></span> <span class='ocrx_word' id='word_1_69' title='bbox 1431 1092 1513 1157; x_wconf 89' lang='grc' dir='ltr'><strong><em>ἀνα-</em></strong></span> 
     </span>
     <span class='ocr_line' id='line_1_9' title="bbox 209 1188 1513 1276; baseline 0 -21"><span class='ocrx_word' id='word_1_70' title='bbox 209 1189 346 1275; x_wconf 78' lang='grc' dir='ltr'><strong><em>τραφεὶς</em></strong></span> <span class='ocrx_word' id='word_1_71' title='bbox 369 1192 451 1274; x_wconf 87' lang='grc' dir='ltr'><strong><em>πρὸς</em></strong></span> <span class='ocrx_word' id='word_1_72' title='bbox 472 1192 698 1274; x_wconf 81' lang='grc' dir='ltr'><strong><em>πνευματικὴν</em></strong></span> <span class='ocrx_word' id='word_1_73' title='bbox 721 1191 936 1274; x_wconf 79' lang='grc' dir='ltr'><strong><em>ἀνδρειότητα</em></strong></span> <span class='ocrx_word' id='word_1_74' title='bbox 1026 1190 1105 1254; x_wconf 91' lang='grc' dir='ltr'><strong><em>ὅλον</em></strong></span> <span class='ocrx_word' id='word_1_75' title='bbox 1129 1188 1248 1255; x_wconf 81' lang='grc' dir='ltr'><strong><em>ἑαυτὸν</em></strong></span> <span class='ocrx_word' id='word_1_76' title='bbox 1276 1188 1389 1276; x_wconf 86' lang='grc' dir='ltr'><strong><em>έκείνφ</em></strong></span> <span class='ocrx_word' id='word_1_77' title='bbox 1412 1213 1513 1255; x_wconf 90' lang='grc' dir='ltr'><strong><em>κατα-</em></strong></span> 
     </span>
    </p>

    <p class='ocr_par' dir='ltr' id='par_1_5' title="bbox 185 1284 1515 1764">
     <span class='ocr_line' id='line_1_10' title="bbox 185 1284 1486 1372; baseline -0.002 -19"><span class='ocrx_word' id='word_1_78' title='bbox 185 1291 285 1353; x_wconf 81' lang='grc' dir='ltr'><strong><em>εθύει</em></strong></span> <span class='ocrx_word' id='word_1_79' title='bbox 308 1286 362 1352; x_wconf 89' lang='grc' dir='ltr'><strong><em>καί</em></strong></span> <span class='ocrx_word' id='word_1_80' title='bbox 386 1287 570 1370; x_wconf 89' lang='grc' dir='ltr'><strong><em>σπένδεται,</em></strong></span> <span class='ocrx_word' id='word_1_81' title='bbox 638 1299 708 1364; x_wconf 79' lang='grc' dir='ltr'><strong><em>τοῖς</em></strong></span> <span class='ocrx_word' id='word_1_82' title='bbox 727 1287 846 1353; x_wconf 80' lang='grc' dir='ltr'><strong><em>ἑαυτοῦ</em></strong></span> <span class='ocrx_word' id='word_1_83' title='bbox 868 1284 923 1351; x_wconf 83' lang='grc' dir='ltr'><strong><em>καὶ</em></strong></span> <span class='ocrx_word' id='word_1_84' title='bbox 943 1291 1089 1372; x_wconf 90' lang='grc' dir='ltr'><strong><em>Χριστοῦ</em></strong></span> <span class='ocrx_word' id='word_1_85' title='bbox 1113 1287 1338 1371; x_wconf 90' lang='grc' dir='ltr'><strong><em>τελειούμενος</em></strong></span> <span class='ocrx_word' id='word_1_86' title='bbox 1361 1288 1486 1371; x_wconf 88' lang='grc' dir='ltr'><strong><em>αἵμασι.</em></strong></span> 
     </span>
     <span class='ocr_line' id='line_1_11' title="bbox 206 1385 1515 1471; baseline -0.002 -20"><span class='ocrx_word' id='word_1_87' title='bbox 206 1394 325 1471; x_wconf 86' lang='grc' dir='ltr'><strong><em>θαρρῶ</em></strong></span> <span class='ocrx_word' id='word_1_88' title='bbox 350 1388 413 1469; x_wconf 89' lang='grc' dir='ltr'><strong><em>γδιρ</em></strong></span> <span class='ocrx_word' id='word_1_89' title='bbox 440 1388 544 1451; x_wconf 82' lang='grc' dir='ltr'><strong><em>εἰπεῖν</em></strong></span> <span class='ocrx_word' id='word_1_90' title='bbox 568 1387 618 1451; x_wconf 91' lang='grc' dir='ltr'><strong><em>ὅτι</em></strong></span> <span class='ocrx_word' id='word_1_91' title='bbox 641 1385 695 1450; x_wconf 88' lang='grc' dir='ltr'><strong><em>καί</em></strong></span> <span class='ocrx_word' id='word_1_92' title='bbox 719 1392 865 1470; x_wconf 88' lang='grc' dir='ltr'><strong><em>Χριστοῦ</em></strong></span> <span class='ocrx_word' id='word_1_93' title='bbox 889 1386 929 1450; x_wconf 82' lang='grc' dir='ltr'><strong><em>τὰ</em></strong></span> <span class='ocrx_word' id='word_1_94' title='bbox 952 1396 1018 1449; x_wconf 92' lang='grc' dir='ltr'><strong><em>τῶν</em></strong></span> <span class='ocrx_word' id='word_1_95' title='bbox 1041 1385 1144 1449; x_wconf 91' lang='grc' dir='ltr'><strong><em>αὐτοῦ</em></strong></span> <span class='ocrx_word' id='word_1_96' title='bbox 1173 1385 1351 1471; x_wconf 88' lang='grc' dir='ltr'><strong><em>μαρτύρων</em></strong></span> <span class='ocrx_word' id='word_1_97' title='bbox 1377 1386 1515 1468; x_wconf 83' lang='grc' dir='ltr'><strong><em>σώματά</em></strong></span> 
     </span>
     <span class='ocr_line' id='line_1_12' title="bbox 206 1481 1513 1568; baseline -0.001 -21"><span class='ocrx_word' id='word_1_98' title='bbox 206 1507 240 1548; x_wconf 93' lang='grc' dir='ltr'><strong><em>τε</em></strong></span> <span class='ocrx_word' id='word_1_99' title='bbox 263 1481 318 1547; x_wconf 88' lang='grc' dir='ltr'><strong><em>καί</em></strong></span> <span class='ocrx_word' id='word_1_100' title='bbox 342 1485 471 1567; x_wconf 88' lang='grc' dir='ltr'><strong><em>αἵματα,</em></strong></span> <span class='ocrx_word' id='word_1_101' title='bbox 522 1484 572 1548; x_wconf 91' lang='grc' dir='ltr'><strong><em>ὅτι</em></strong></span> <span class='ocrx_word' id='word_1_102' title='bbox 595 1481 649 1547; x_wconf 89' lang='grc' dir='ltr'><strong><em>καί</em></strong></span> <span class='ocrx_word' id='word_1_103' title='bbox 673 1483 753 1568; x_wconf 82' lang='grc' dir='ltr'><strong><em>μέλη</em></strong></span> <span class='ocrx_word' id='word_1_104' title='bbox 777 1489 923 1567; x_wconf 88' lang='grc' dir='ltr'><strong><em>Χριστοῦ</em></strong></span> <span class='ocrx_word' id='word_1_105' title='bbox 946 1481 1000 1547; x_wconf 89' lang='grc' dir='ltr'><strong><em>καί</em></strong></span> <span class='ocrx_word' id='word_1_106' title='bbox 1023 1483 1145 1547; x_wconf 88' lang='grc' dir='ltr'><strong><em>εὐωδία</em></strong></span> <span class='ocrx_word' id='word_1_107' title='bbox 1168 1485 1346 1565; x_wconf 89' lang='grc' dir='ltr'><strong><em>γεγόνασιν</em></strong></span> <span class='ocrx_word' id='word_1_108' title='bbox 1394 1483 1513 1566; x_wconf 88' lang='grc' dir='ltr'><strong><em>[ταῦτα</em></strong></span> 
     </span>
     <span class='ocr_line' id='line_1_13' title="bbox 206 1574 1514 1666; baseline -0.002 -20"><span class='ocrx_word' id='word_1_109' title='bbox 206 1579 265 1666; x_wconf 76' lang='grc' dir='ltr'><strong><em>μὲν</em></strong></span> <span class='ocrx_word' id='word_1_110' title='bbox 290 1574 357 1645; x_wconf 81' lang='grc' dir='ltr'><strong><em>ὧδέ</em></strong></span> <span class='ocrx_word' id='word_1_111' title='bbox 377 1603 447 1656; x_wconf 90' lang='grc' dir='ltr'><strong><em>πως</em></strong></span> <span class='ocrx_word' id='word_1_112' title='bbox 471 1576 557 1665; x_wconf 82' lang='grc' dir='ltr'><strong><em>εἶχεν</em></strong></span> <span class='ocrx_word' id='word_1_113' title='bbox 581 1579 635 1644; x_wconf 88' lang='grc' dir='ltr'><strong><em>καί</em></strong></span> <span class='ocrx_word' id='word_1_114' title='bbox 655 1582 750 1665; x_wconf 89' lang='grc' dir='ltr'><strong><em>ίερῶς</em></strong></span> <span class='ocrx_word' id='word_1_115' title='bbox 773 1580 984 1663; x_wconf 87' lang='grc' dir='ltr'><strong><em>έκτετέλεστο,</em></strong></span> <span class='ocrx_word' id='word_1_116' title='bbox 1031 1584 1080 1656; x_wconf 93' lang='grc' dir='ltr'><strong><em>τίς</em></strong></span> <span class='ocrx_word' id='word_1_117' title='bbox 1099 1576 1178 1663; x_wconf 75' lang='grc' dir='ltr'><strong><em>δέη</em></strong></span> <span class='ocrx_word' id='word_1_118' title='bbox 1207 1590 1266 1644; x_wconf 92' lang='grc' dir='ltr'><strong><em>τοῦ</em></strong></span> <span class='ocrx_word' id='word_1_119' title='bbox 1285 1579 1383 1664; x_wconf 74' lang='grc' dir='ltr'><strong><em>Ἅβελ</em></strong></span> <span class='ocrx_word' id='word_1_120' title='bbox 1405 1583 1514 1645; x_wconf 83' lang='grc' dir='ltr'><strong><em>θυσία</em></strong></span> 
     </span>
     <span class='ocr_line' id='line_1_14' title="bbox 206 1677 1513 1764; baseline -0.002 -20"><span class='ocrx_word' id='word_1_121' title='bbox 206 1679 260 1744; x_wconf 85' lang='grc' dir='ltr'><strong><em>καὶ</em></strong></span> <span class='ocrx_word' id='word_1_122' title='bbox 285 1684 363 1743; x_wconf 87' lang='grc' dir='ltr'><strong><em>Νῶε</em></strong></span> <span class='ocrx_word' id='word_1_123' title='bbox 387 1677 440 1742; x_wconf 80' lang='grc' dir='ltr'><strong><em>καὶ</em></strong></span> <span class='ocrx_word' id='word_1_124' title='bbox 465 1689 532 1743; x_wconf 91' lang='grc' dir='ltr'><strong><em>τῶν</em></strong></span> <span class='ocrx_word' id='word_1_125' title='bbox 557 1679 845 1763; x_wconf 88' lang='grc' dir='ltr'><strong><em>ίερουργησάντων</em></strong></span> <span class='ocrx_word' id='word_1_126' title='bbox 868 1679 968 1743; x_wconf 92' lang='grc' dir='ltr'><strong><em>πάλαι</em></strong></span> <span class='ocrx_word' id='word_1_127' title='bbox 991 1680 1130 1743; x_wconf 90' lang='grc' dir='ltr'><strong><em>δικαίων</em></strong></span> <span class='ocrx_word' id='word_1_128' title='bbox 1153 1677 1207 1742; x_wconf 90' lang='grc' dir='ltr'><strong><em>καί</em></strong></span> <span class='ocrx_word' id='word_1_129' title='bbox 1232 1679 1287 1743; x_wconf 86' lang='grc' dir='ltr'><strong><em>διὰ</em></strong></span> <span class='ocrx_word' id='word_1_130' title='bbox 1306 1687 1406 1744; x_wconf 89' lang='grc' dir='ltr'><strong><em>τοῦτο</em></strong></span> <span class='ocrx_word' id='word_1_131' title='bbox 1438 1681 1513 1764; x_wconf 77' lang='grc' dir='ltr'><strong><em>Θεῷ</em></strong></span> 
     </span>
    </p>

    <p class='ocr_par' dir='ltr' id='par_1_6' title="bbox 172 1774 1514 2253">
     <span class='ocr_line' id='line_1_15' title="bbox 172 1774 1514 1860; baseline -0.001 -18"><span class='ocrx_word' id='word_1_132' title='bbox 172 1804 197 1842; x_wconf 85' lang='grc' dir='ltr'><strong><em>ιο</em></strong></span> <span class='ocrx_word' id='word_1_133' title='bbox 206 1775 429 1860; x_wconf 88' lang='grc' dir='ltr'><strong><em>τετιμημένων</em></strong></span> <span class='ocrx_word' id='word_1_134' title='bbox 466 1774 677 1859; x_wconf 89' lang='grc' dir='ltr'><strong><em>ἀνάγραπτόν</em></strong></span> <span class='ocrx_word' id='word_1_135' title='bbox 708 1801 742 1842; x_wconf 90' lang='grc' dir='ltr'><strong><em>τε</em></strong></span> <span class='ocrx_word' id='word_1_136' title='bbox 774 1777 835 1859; x_wconf 82' lang='grc' dir='ltr'><strong><em>τὴν</em></strong></span> <span class='ocrx_word' id='word_1_137' title='bbox 866 1778 998 1860; x_wconf 83' lang='grc' dir='ltr'><strong><em>μνήμην</em></strong></span> <span class='ocrx_word' id='word_1_138' title='bbox 1032 1775 1216 1860; x_wconf 85' lang='grc' dir='ltr'><strong><em>ἐσχηκότων</em></strong></span> <span class='ocrx_word' id='word_1_139' title='bbox 1248 1784 1308 1840; x_wconf 90' lang='grc' dir='ltr'><strong><em>τοῦ</em></strong></span> <span class='ocrx_word' id='word_1_140' title='bbox 1341 1776 1514 1860; x_wconf 83' lang='grc' dir='ltr'><strong><em>κατορθώ-</em></strong></span> 
     </span>
     <span class='ocr_line' id='line_1_16' title="bbox 208 1869 1513 1960; baseline -0.001 -22"><span class='ocrx_word' id='word_1_141' title='bbox 208 1898 322 1958; x_wconf 86' lang='grc' dir='ltr'><strong><em>ματος;</em></strong></span> <span class='ocrx_word' id='word_1_142' title='bbox 396 1874 457 1958; x_wconf 87' lang='grc' dir='ltr'><strong><em>οὐχ</em></strong></span> <span class='ocrx_word' id='word_1_143' title='bbox 481 1873 498 1938; x_wconf 89' lang='grc' dir='ltr'>ὁ</span> <span class='ocrx_word' id='word_1_144' title='bbox 522 1871 583 1958; x_wconf 77' lang='grc' dir='ltr'><strong><em>μέν</em></strong></span> <span class='ocrx_word' id='word_1_145' title='bbox 606 1877 691 1958; x_wconf 90' lang='grc' dir='ltr'><strong><em>ἀρνα</em></strong></span> <span class='ocrx_word' id='word_1_146' title='bbox 713 1878 935 1960; x_wconf 81' lang='grc' dir='ltr'><strong><em>πρωτότοκον,</em></strong></span> <span class='ocrx_word' id='word_1_147' title='bbox 1011 1874 1029 1938; x_wconf 84' lang='grc' dir='ltr'>ὁ</span> <span class='ocrx_word' id='word_1_148' title='bbox 1053 1869 1089 1938; x_wconf 77' lang='grc' dir='ltr'><strong><em>δέ</em></strong></span> <span class='ocrx_word' id='word_1_149' title='bbox 1112 1871 1167 1938; x_wconf 91' lang='grc' dir='ltr'><strong><em>καί</em></strong></span> <span class='ocrx_word' id='word_1_150' title='bbox 1191 1879 1225 1938; x_wconf 89' lang='grc' dir='ltr'><strong><em>εἰ</em></strong></span> <span class='ocrx_word' id='word_1_151' title='bbox 1243 1896 1275 1938; x_wconf 94' lang='grc' dir='ltr'><strong><em>τι</em></strong></span> <span class='ocrx_word' id='word_1_152' title='bbox 1298 1871 1400 1938; x_wconf 83' lang='grc' dir='ltr'><strong><em>πλέον</em></strong></span> <span class='ocrx_word' id='word_1_153' title='bbox 1423 1872 1513 1957; x_wconf 89' lang='grc' dir='ltr'><strong><em>ὅμως</em></strong></span> 
     </span>
     <span class='ocr_line' id='line_1_17' title="bbox 207 1969 1514 2057; baseline 0 -21"><span class='ocrx_word' id='word_1_154' title='bbox 207 1975 331 2055; x_wconf 87' lang='grc' dir='ltr'><strong><em>ἀλογον</em></strong></span> <span class='ocrx_word' id='word_1_155' title='bbox 345 1972 450 2055; x_wconf 87' lang='grc' dir='ltr'><strong><em>φύσιν</em></strong></span> <span class='ocrx_word' id='word_1_156' title='bbox 464 1975 699 2057; x_wconf 81' lang='grc' dir='ltr'><strong><em>προσήνεγκεν,</em></strong></span> <span class='ocrx_word' id='word_1_157' title='bbox 749 1970 803 2037; x_wconf 88' lang='grc' dir='ltr'><strong><em>καί</em></strong></span> <span class='ocrx_word' id='word_1_158' title='bbox 827 1974 926 2048; x_wconf 88' lang='grc' dir='ltr'><strong><em>άλλος</em></strong></span> <span class='ocrx_word' id='word_1_159' title='bbox 949 1974 1030 2036; x_wconf 88' lang='grc' dir='ltr'><strong><em>ἀλλο</em></strong></span> <span class='ocrx_word' id='word_1_160' title='bbox 1049 1995 1080 2035; x_wconf 95' lang='grc' dir='ltr'><strong><em>τι</em></strong></span> <span class='ocrx_word' id='word_1_161' title='bbox 1103 1971 1181 2055; x_wconf 92' lang='grc' dir='ltr'><strong><em>παρ’</em></strong></span> <span class='ocrx_word' id='word_1_162' title='bbox 1212 1969 1332 2036; x_wconf 81' lang='grc' dir='ltr'><strong><em>ἑαυτοῦ</em></strong></span> <span class='ocrx_word' id='word_1_163' title='bbox 1360 1969 1514 2057; x_wconf 85' lang='grc' dir='ltr'><strong><em>έφενρὼν</em></strong></span> 
     </span>
     <span class='ocr_line' id='line_1_18' title="bbox 210 2064 1512 2156; baseline 0.001 -23"><span class='ocrx_word' id='word_1_164' title='bbox 210 2069 385 2153; x_wconf 83' lang='grc' dir='ltr'><strong><em>ἀξιόλογον</em></strong></span> <span class='ocrx_word' id='word_1_165' title='bbox 451 2071 534 2154; x_wconf 89' lang='grc' dir='ltr'><strong><em>πρὸς</em></strong></span> <span class='ocrx_word' id='word_1_166' title='bbox 557 2071 593 2134; x_wconf 90' lang='grc' dir='ltr'><strong><em>τὸ</em></strong></span> <span class='ocrx_word' id='word_1_167' title='bbox 618 2071 832 2154; x_wconf 84' lang='grc' dir='ltr'><strong><em>οἰκειωθηναι</em></strong></span> <span class='ocrx_word' id='word_1_168' title='bbox 858 2074 929 2156; x_wconf 79' lang='grc' dir='ltr'><strong><em>Θεῷ</em></strong></span> <span class='ocrx_word' id='word_1_169' title='bbox 953 2070 1163 2153; x_wconf 86' lang='grc' dir='ltr'><strong><em>ἀνεκόμισεν;</em></strong></span> <span class='ocrx_word' id='word_1_170' title='bbox 1235 2070 1264 2133; x_wconf 95' lang='grc' dir='ltr'><strong><em>εἰ</em></strong></span> <span class='ocrx_word' id='word_1_171' title='bbox 1288 2064 1325 2132; x_wconf 74' lang='grc' dir='ltr'><strong><em>δὲ</em></strong></span> <span class='ocrx_word' id='word_1_172' title='bbox 1347 2071 1512 2134; x_wconf 90' lang='grc' dir='ltr'><strong><em>τοσοῦτόν</em></strong></span> 
     </span>
     <span class='ocr_line' id='line_1_19' title="bbox 210 2164 1513 2253; baseline -0.002 -21"><span class='ocrx_word' id='word_1_173' title='bbox 210 2167 278 2233; x_wconf 82' lang='grc' dir='ltr'><strong><em>ἐστι</em></strong></span> <span class='ocrx_word' id='word_1_174' title='bbox 302 2178 359 2251; x_wconf 80' lang='grc' dir='ltr'><strong><em>τῆς</em></strong></span> <span class='ocrx_word' id='word_1_175' title='bbox 381 2171 477 2244; x_wconf 88' lang='grc' dir='ltr'><strong><em>θείας</em></strong></span> <span class='ocrx_word' id='word_1_176' title='bbox 500 2171 756 2253; x_wconf 87' lang='grc' dir='ltr'><strong><em>φιλανθρωπίας</em></strong></span> <span class='ocrx_word' id='word_1_177' title='bbox 778 2169 816 2233; x_wconf 89' lang='grc' dir='ltr'><strong><em>τὸ</em></strong></span> <span class='ocrx_word' id='word_1_178' title='bbox 840 2169 987 2252; x_wconf 77' lang='grc' dir='ltr'><strong><em>ἄπειρον,</em></strong></span> <span class='ocrx_word' id='word_1_179' title='bbox 1051 2167 1134 2230; x_wconf 81' lang='grc' dir='ltr'><strong><em>ὥστε</em></strong></span> <span class='ocrx_word' id='word_1_180' title='bbox 1156 2164 1211 2230; x_wconf 86' lang='grc' dir='ltr'><strong><em>καὶ</em></strong></span> <span class='ocrx_word' id='word_1_181' title='bbox 1230 2168 1308 2243; x_wconf 88' lang='grc' dir='ltr'><strong><em>τοὺς</em></strong></span> <span class='ocrx_word' id='word_1_182' title='bbox 1326 2167 1428 2251; x_wconf 84' lang='grc' dir='ltr'><strong><em>μικρὰ</em></strong></span> <span class='ocrx_word' id='word_1_183' title='bbox 1444 2178 1513 2231; x_wconf 90' lang='grc' dir='ltr'><strong><em>τῶν</em></strong></span> 
     </span>
    </p>

    <p class='ocr_par' dir='ltr' id='par_1_7' title="bbox 175 2261 1514 2743">
     <span class='ocr_line' id='line_1_20' title="bbox 175 2261 1513 2351; baseline 0 -21"><span class='ocrx_word' id='word_1_184' title='bbox 175 2292 200 2331; x_wconf 80' lang='lat'><strong><em>15</em></strong></span> <span class='ocrx_word' id='word_1_185' title='bbox 214 2264 339 2344; x_wconf 82' lang='grc' dir='ltr'><strong><em>έξωθεν</em></strong></span> <span class='ocrx_word' id='word_1_186' title='bbox 363 2263 526 2351; x_wconf 90' lang='grc' dir='ltr'><strong><em>φέροντας</em></strong></span> <span class='ocrx_word' id='word_1_187' title='bbox 548 2267 782 2343; x_wconf 80' lang='grc' dir='ltr'><strong><em>εἰσοικίζεσθαι</em></strong></span> <span class='ocrx_word' id='word_1_188' title='bbox 870 2263 925 2329; x_wconf 87' lang='grc' dir='ltr'><strong><em>καί</em></strong></span> <span class='ocrx_word' id='word_1_189' title='bbox 948 2263 1157 2350; x_wconf 89' lang='grc' dir='ltr'><strong><em>θεράποντας</em></strong></span> <span class='ocrx_word' id='word_1_190' title='bbox 1181 2265 1289 2340; x_wconf 91' lang='grc' dir='ltr'><strong><em>ἰδιόυς</em></strong></span> <span class='ocrx_word' id='word_1_191' title='bbox 1311 2261 1366 2328; x_wconf 86' lang='grc' dir='ltr'><strong><em>καί</em></strong></span> <span class='ocrx_word' id='word_1_192' title='bbox 1389 2266 1513 2348; x_wconf 91' lang='grc' dir='ltr'><strong><em>φίλους</em></strong></span> 
     </span>
     <span class='ocr_line' id='line_1_21' title="bbox 208 2358 1512 2448; baseline -0.002 -20"><span class='ocrx_word' id='word_1_193' title='bbox 208 2363 386 2428; x_wconf 84' lang='grc' dir='ltr'><strong><em>ἀποκαλεῖν</em></strong></span> <span class='ocrx_word' id='word_1_194' title='bbox 418 2366 496 2439; x_wconf 89' lang='grc' dir='ltr'><strong><em>τοὺς</em></strong></span> <span class='ocrx_word' id='word_1_195' title='bbox 524 2358 624 2427; x_wconf 73' lang='grc' dir='ltr'><strong><em>οὐδὲν</em></strong></span> <span class='ocrx_word' id='word_1_196' title='bbox 656 2364 745 2428; x_wconf 91' lang='grc' dir='ltr'><strong><em>ἰδιον</em></strong></span> <span class='ocrx_word' id='word_1_197' title='bbox 777 2363 797 2446; x_wconf 82' lang='grc' dir='ltr'><strong><em>ἰΙ</em></strong></span> <span class='ocrx_word' id='word_1_198' title='bbox 829 2364 869 2427; x_wconf 88' lang='grc' dir='ltr'><strong><em>τδι</em></strong></span> <span class='ocrx_word' id='word_1_199' title='bbox 893 2360 1037 2427; x_wconf 89' lang='grc' dir='ltr'><strong><em>δοθέντα</em></strong></span> <span class='ocrx_word' id='word_1_200' title='bbox 1065 2362 1153 2445; x_wconf 85' lang='grc' dir='ltr'><strong><em>παρά</em></strong></span> <span class='ocrx_word' id='word_1_201' title='bbox 1184 2365 1271 2425; x_wconf 92' lang='grc' dir='ltr'><strong><em>Θεοῦ</em></strong></span> <span class='ocrx_word' id='word_1_202' title='bbox 1298 2361 1399 2426; x_wconf 94' lang='grc' dir='ltr'><strong><em>πάλιν</em></strong></span> <span class='ocrx_word' id='word_1_203' title='bbox 1422 2361 1512 2448; x_wconf 77' lang='grc' dir='ltr'><strong><em>αὐτῷ</em></strong></span> 
     </span>
     <span class='ocr_line' id='line_1_22' title="bbox 208 2456 1513 2544; baseline 0 -19"><span class='ocrx_word' id='word_1_204' title='bbox 208 2461 450 2544; x_wconf 81' lang='grc' dir='ltr'><strong><em>ἀναφέροντας·</em></strong></span> <span class='ocrx_word' id='word_1_205' title='bbox 518 2464 610 2537; x_wconf 89' lang='grc' dir='ltr'><strong><em>τίνας</em></strong></span> <span class='ocrx_word' id='word_1_206' title='bbox 633 2459 694 2524; x_wconf 92' lang='grc' dir='ltr'><strong><em>οὐκ</em></strong></span> <span class='ocrx_word' id='word_1_207' title='bbox 717 2461 759 2525; x_wconf 87' lang='grc' dir='ltr'><strong><em>ἀν</em></strong></span> <span class='ocrx_word' id='word_1_208' title='bbox 781 2460 959 2543; x_wconf 83' lang='grc' dir='ltr'><strong><em>καλέσειεν,</em></strong></span> <span class='ocrx_word' id='word_1_209' title='bbox 1026 2471 1095 2535; x_wconf 91' lang='grc' dir='ltr'><strong><em>πῶς</em></strong></span> <span class='ocrx_word' id='word_1_210' title='bbox 1118 2456 1155 2523; x_wconf 69' lang='grc' dir='ltr'><strong><em>δέ</em></strong></span> <span class='ocrx_word' id='word_1_211' title='bbox 1178 2459 1239 2524; x_wconf 92' lang='grc' dir='ltr'><strong><em>οὐκ</em></strong></span> <span class='ocrx_word' id='word_1_212' title='bbox 1262 2459 1305 2525; x_wconf 83' lang='grc' dir='ltr'><strong><em>ἀν</em></strong></span> <span class='ocrx_word' id='word_1_213' title='bbox 1326 2459 1513 2544; x_wconf 79' lang='grc' dir='ltr'><strong><em>προσλάβοι</em></strong></span> 
     </span>
     <span class='ocr_line' id='line_1_23' title="bbox 206 2549 1514 2641; baseline -0.001 -18"><span class='ocrx_word' id='word_1_214' title='bbox 206 2583 241 2624; x_wconf 90' lang='grc' dir='ltr'><strong><em>τε</em></strong></span> <span class='ocrx_word' id='word_1_215' title='bbox 290 2557 346 2622; x_wconf 86' lang='grc' dir='ltr'><strong><em>καὶ</em></strong></span> <span class='ocrx_word' id='word_1_216' title='bbox 361 2559 566 2623; x_wconf 86' lang='grc' dir='ltr'><strong><em>οἰκειώσαιτο</em></strong></span> <span class='ocrx_word' id='word_1_217' title='bbox 618 2562 697 2635; x_wconf 88' lang='grc' dir='ltr'><strong><em>τοὺς</em></strong></span> <span class='ocrx_word' id='word_1_218' title='bbox 716 2555 816 2623; x_wconf 78' lang='grc' dir='ltr'><strong><em>οὐδέν</em></strong></span> <span class='ocrx_word' id='word_1_219' title='bbox 835 2559 917 2624; x_wconf 87' lang='grc' dir='ltr'><strong><em>ἀλλο</em></strong></span> <span class='ocrx_word' id='word_1_220' title='bbox 941 2568 1008 2622; x_wconf 91' lang='grc' dir='ltr'><strong><em>τῶν</em></strong></span> <span class='ocrx_word' id='word_1_221' title='bbox 1031 2549 1096 2621; x_wconf 83' lang='grc' dir='ltr'><strong><em>ὧδε</em></strong></span> <span class='ocrx_word' id='word_1_222' title='bbox 1118 2560 1298 2641; x_wconf 89' lang='grc' dir='ltr'><strong><em>μενόντων,</em></strong></span> <span class='ocrx_word' id='word_1_223' title='bbox 1320 2554 1393 2622; x_wconf 89' lang='grc' dir='ltr'><strong><em>ἀλλ’</em></strong></span> <span class='ocrx_word' id='word_1_224' title='bbox 1415 2556 1514 2634; x_wconf 83' lang='grc' dir='ltr'><strong><em>ὅλους</em></strong></span> 
     </span>
     <span class='ocr_line' id='line_1_24' title="bbox 207 2655 1513 2743; baseline -0.001 -22"><span class='ocrx_word' id='word_1_225' title='bbox 207 2656 346 2732; x_wconf 81' lang='grc' dir='ltr'><strong><em>ἑαυτοὺς</em></strong></span> <span class='ocrx_word' id='word_1_226' title='bbox 368 2657 457 2743; x_wconf 79' lang='grc' dir='ltr'><strong><em>αὐτῷ</em></strong></span> <span class='ocrx_word' id='word_1_227' title='bbox 481 2657 665 2741; x_wconf 88' lang='grc' dir='ltr'><strong><em>θύσαντας]</em></strong></span> <span class='ocrx_word' id='word_1_228' title='bbox 758 2657 794 2721; x_wconf 90' lang='grc' dir='ltr'><strong><em>οί</em></strong></span> <span class='ocrx_word' id='word_1_229' title='bbox 813 2655 908 2721; x_wconf 90' lang='grc' dir='ltr'><strong><em>καλοί</em></strong></span> <span class='ocrx_word' id='word_1_230' title='bbox 932 2666 1127 2742; x_wconf 89' lang='grc' dir='ltr'><strong><em>στρατιῶται</em></strong></span> <span class='ocrx_word' id='word_1_231' title='bbox 1151 2665 1208 2738; x_wconf 76' lang='grc' dir='ltr'><strong><em>τῆς</em></strong></span> <span class='ocrx_word' id='word_1_232' title='bbox 1230 2657 1382 2738; x_wconf 87' lang='grc' dir='ltr'><strong><em>πίστεως,</em></strong></span> <span class='ocrx_word' id='word_1_233' title='bbox 1455 2664 1513 2739; x_wconf 80' lang='grc' dir='ltr'><strong><em>τῆς</em></strong></span> 
     </span>
    </p>

    <p class='ocr_par' dir='ltr' id='par_1_8' title="bbox 172 2753 1512 2840">
     <span class='ocr_line' id='line_1_25' title="bbox 172 2753 1512 2840; baseline -0.001 -21"><span class='ocrx_word' id='word_1_234' title='bbox 172 2754 365 2838; x_wconf 78' lang='grc' dir='ltr'><strong><em>ιοάληθείας</em></strong></span> <span class='ocrx_word' id='word_1_235' title='bbox 388 2755 423 2818; x_wconf 91' lang='grc' dir='ltr'><strong><em>οί</em></strong></span> <span class='ocrx_word' id='word_1_236' title='bbox 444 2756 487 2839; x_wconf 81' lang='grc' dir='ltr'><strong><em>μη</em></strong></span> <span class='ocrx_word' id='word_1_237' title='bbox 512 2758 730 2839; x_wconf 86' lang='grc' dir='ltr'><strong><em>φθειρόμενοι</em></strong></span> <span class='ocrx_word' id='word_1_238' title='bbox 764 2755 937 2840; x_wconf 88' lang='grc' dir='ltr'><strong><em>μάρτυρες,</em></strong></span> <span class='ocrx_word' id='word_1_239' title='bbox 1002 2755 1107 2829; x_wconf 88' lang='grc' dir='ltr'><strong><em>ὅντως</em></strong></span> <span class='ocrx_word' id='word_1_240' title='bbox 1138 2753 1302 2839; x_wconf 84' lang='grc' dir='ltr'><strong><em>ὁλόκληρα</em></strong></span> <span class='ocrx_word' id='word_1_241' title='bbox 1375 2753 1512 2837; x_wconf 86' lang='grc' dir='ltr'><strong><em>θύματα</em></strong></span> 
     </span>
    </p>
   </div>
   <div class='ocr_carea' id='block_1_3' title="bbox 99 2957 1517 3837">
    <p class='ocr_par' dir='ltr' id='par_1_9' title="bbox 99 2957 1517 3740">
     <span class='ocr_line' id='line_1_26' title="bbox 99 2957 1515 3055; baseline -0.005 -17"><span class='ocrx_word' id='word_1_242' title='bbox 99 2969 273 3038; x_wconf 77' lang='grc' dir='ltr'><strong><em>Ειι-οιούκ</em></strong></span> <span class='ocrx_word' id='word_1_243' title='bbox 296 2971 377 3033; x_wconf 89' lang='grc' dir='ltr'><strong><em>ἀνευ</em></strong></span> <span class='ocrx_word' id='word_1_244' title='bbox 401 2957 438 3031; x_wconf 74' lang='grc' dir='ltr'><strong><em>δί</em></strong></span> <span class='ocrx_word' id='word_1_245' title='bbox 461 2966 535 3048; x_wconf 71' lang='grc' dir='ltr'><strong><em>βίας</em></strong></span> <span class='ocrx_word' id='word_1_246' title='bbox 554 2963 601 3038; x_wconf 68' lang='grc' dir='ltr'><strong><em>εἰς</em></strong></span> <span class='ocrx_word' id='word_1_247' title='bbox 623 2978 723 3034; x_wconf 89' lang='grc' dir='ltr'><strong><em>τοῦτο</em></strong></span> <span class='ocrx_word' id='word_1_248' title='bbox 747 2967 871 3033; x_wconf 84' lang='grc' dir='ltr'><strong><em>ἐλθών·</em></strong></span> <span class='ocrx_word' id='word_1_249' title='bbox 894 2970 996 3050; x_wconf 91' lang='grc' dir='ltr'><strong><em>φίλον</em></strong></span> <span class='ocrx_word' id='word_1_250' title='bbox 1018 2968 1081 3054; x_wconf 90' lang='grc' dir='ltr'><strong><em>γάρ</em></strong></span> <span class='ocrx_word' id='word_1_251' title='bbox 1105 2961 1148 3050; x_wconf 79' lang='grc' dir='ltr'><strong><em>ἵΙν</em></strong></span> <span class='ocrx_word' id='word_1_252' title='bbox 1170 2967 1258 3055; x_wconf 77' lang='grc' dir='ltr'><strong><em>αὐτῷ</em></strong></span> <span class='ocrx_word' id='word_1_253' title='bbox 1282 2969 1319 3032; x_wconf 85' lang='grc' dir='ltr'><strong><em>τὸ</em></strong></span> <span class='ocrx_word' id='word_1_254' title='bbox 1338 2965 1515 3050; x_wconf 77' lang='grc' dir='ltr'><strong><em>ἡσυχάζειν</em></strong></span> 
     </span>
     <span class='ocr_line' id='line_1_27' title="bbox 208 3060 1514 3153; baseline -0.001 -22"><span class='ocrx_word' id='word_1_255' title='bbox 208 3066 266 3131; x_wconf 88' lang='grc' dir='ltr'><strong><em>ἀεί.</em></strong></span> <span class='ocrx_word' id='word_1_256' title='bbox 291 3064 475 3153; x_wconf 75' lang='grc' dir='ltr'><strong><em>διαπρέψας</em></strong></span> <span class='ocrx_word' id='word_1_257' title='bbox 498 3060 561 3130; x_wconf 91' lang='grc' dir='ltr'><strong><em>οὐν</em></strong></span> <span class='ocrx_word' id='word_1_258' title='bbox 584 3065 621 3130; x_wconf 87' lang='grc' dir='ltr'><strong><em>έν</em></strong></span> <span class='ocrx_word' id='word_1_259' title='bbox 643 3076 682 3152; x_wconf 74' lang='grc' dir='ltr'><strong><em>τῇ</em></strong></span> <span class='ocrx_word' id='word_1_260' title='bbox 705 3075 765 3132; x_wconf 90' lang='grc' dir='ltr'><strong><em>τοῦ</em></strong></span> <span class='ocrx_word' id='word_1_261' title='bbox 791 3071 877 3131; x_wconf 90' lang='grc' dir='ltr'><strong><em>Θεοῦ</em></strong></span> <span class='ocrx_word' id='word_1_262' title='bbox 908 3066 1063 3152; x_wconf 77' lang='grc' dir='ltr'><strong><em>ἐκκλησίᾳ</em></strong></span> <span class='ocrx_word' id='word_1_263' title='bbox 1090 3068 1232 3150; x_wconf 84' lang='grc' dir='ltr'><strong><em>χρόνους</em></strong></span> <span class='ocrx_word' id='word_1_264' title='bbox 1259 3067 1435 3141; x_wconf 90' lang='grc' dir='ltr'><strong><em>πλείστους</em></strong></span> <span class='ocrx_word' id='word_1_265' title='bbox 1457 3063 1514 3130; x_wconf 87' lang='grc' dir='ltr'><strong><em>καί</em></strong></span> 
     </span>
     <span class='ocr_line' id='line_1_28' title="bbox 171 3163 1515 3251; baseline -0.001 -21"><span class='ocrx_word' id='word_1_266' title='bbox 171 3181 197 3223; x_wconf 79' lang='lat'><strong><em>15</em></strong></span> <span class='ocrx_word' id='word_1_267' title='bbox 206 3167 371 3251; x_wconf 90' lang='grc' dir='ltr'><strong><em>δόγμασιν</em></strong></span> <span class='ocrx_word' id='word_1_268' title='bbox 402 3165 570 3248; x_wconf 86' lang='grc' dir='ltr'><strong><em>εὐσεβείας</em></strong></span> <span class='ocrx_word' id='word_1_269' title='bbox 599 3164 654 3229; x_wconf 90' lang='grc' dir='ltr'><strong><em>καί</em></strong></span> <span class='ocrx_word' id='word_1_270' title='bbox 684 3166 836 3250; x_wconf 87' lang='grc' dir='ltr'><strong><em>θαύμασι</em></strong></span> <span class='ocrx_word' id='word_1_271' title='bbox 862 3163 1063 3250; x_wconf 86' lang='grc' dir='ltr'><strong><em>παραδόξοις</em></strong></span> <span class='ocrx_word' id='word_1_272' title='bbox 1093 3164 1219 3240; x_wconf 91' lang='grc' dir='ltr'><strong><em>πάντας</em></strong></span> <span class='ocrx_word' id='word_1_273' title='bbox 1249 3165 1515 3240; x_wconf 86' lang='grc' dir='ltr'><strong><em>καταπλουτίσας</em></strong></span> 
     </span>
     <span class='ocr_line' id='line_1_29' title="bbox 207 3259 1516 3349; baseline -0.002 -20"><span class='ocrx_word' id='word_1_274' title='bbox 207 3266 263 3329; x_wconf 86' lang='grc' dir='ltr'><strong><em>διά</em></strong></span> <span class='ocrx_word' id='word_1_275' title='bbox 285 3274 344 3347; x_wconf 81' lang='grc' dir='ltr'><strong><em>της</em></strong></span> <span class='ocrx_word' id='word_1_276' title='bbox 367 3263 470 3328; x_wconf 87' lang='grc' dir='ltr'><strong><em>αὐτοῦ</em></strong></span> <span class='ocrx_word' id='word_1_277' title='bbox 495 3261 616 3327; x_wconf 81' lang='grc' dir='ltr'><strong><em>ἐνθέου</em></strong></span> <span class='ocrx_word' id='word_1_278' title='bbox 639 3263 756 3349; x_wconf 79' lang='grc' dir='ltr'><strong><em>ἀρετῆς</em></strong></span> <span class='ocrx_word' id='word_1_279' title='bbox 778 3260 833 3327; x_wconf 84' lang='grc' dir='ltr'><strong><em>καὶ</em></strong></span> <span class='ocrx_word' id='word_1_280' title='bbox 853 3270 912 3326; x_wconf 89' lang='grc' dir='ltr'><strong><em>τοῦ</em></strong></span> <span class='ocrx_word' id='word_1_281' title='bbox 940 3260 1168 3344; x_wconf 87' lang='grc' dir='ltr'><strong><em>ἀληθεστάτου</em></strong></span> <span class='ocrx_word' id='word_1_282' title='bbox 1192 3264 1305 3343; x_wconf 90' lang='grc' dir='ltr'><strong><em>λόγου,</em></strong></span> <span class='ocrx_word' id='word_1_283' title='bbox 1328 3259 1421 3337; x_wconf 87' lang='grc' dir='ltr'><strong><em>τέλος</em></strong></span> <span class='ocrx_word' id='word_1_284' title='bbox 1443 3271 1516 3338; x_wconf 76' lang='grc' dir='ltr'><strong><em>τοῖς</em></strong></span> 
     </span>
     <span class='ocr_line' id='line_1_30' title="bbox 208 3357 1517 3446; baseline -0.002 -20"><span class='ocrx_word' id='word_1_285' title='bbox 208 3361 250 3426; x_wconf 90' lang='grc' dir='ltr'><strong><em>δι’</em></strong></span> <span class='ocrx_word' id='word_1_286' title='bbox 278 3363 415 3446; x_wconf 87' lang='grc' dir='ltr'><strong><em>αἵματος</em></strong></span> <span class='ocrx_word' id='word_1_287' title='bbox 440 3362 556 3446; x_wconf 90' lang='grc' dir='ltr'><strong><em>ίδρῶσι</em></strong></span> <span class='ocrx_word' id='word_1_288' title='bbox 581 3359 636 3425; x_wconf 89' lang='grc' dir='ltr'><strong><em>καί</em></strong></span> <span class='ocrx_word' id='word_1_289' title='bbox 658 3363 775 3436; x_wconf 91' lang='grc' dir='ltr'><strong><em>πόνοις</em></strong></span> <span class='ocrx_word' id='word_1_290' title='bbox 797 3357 1010 3445; x_wconf 81' lang='grc' dir='ltr'><strong><em>ἐνεκαρτέρει.</em></strong></span> <span class='ocrx_word' id='word_1_291' title='bbox 1033 3357 1088 3423; x_wconf 84' lang='grc' dir='ltr'><strong><em>καὶ</em></strong></span> <span class='ocrx_word' id='word_1_292' title='bbox 1108 3359 1187 3424; x_wconf 93' lang='grc' dir='ltr'><strong><em>ὅλον</em></strong></span> <span class='ocrx_word' id='word_1_293' title='bbox 1211 3357 1331 3425; x_wconf 82' lang='grc' dir='ltr'><strong><em>ἑαυτὸν</em></strong></span> <span class='ocrx_word' id='word_1_294' title='bbox 1351 3360 1517 3424; x_wconf 87' lang='grc' dir='ltr'><strong><em>καταθύει</em></strong></span> 
     </span>
     <span class='ocr_line' id='line_1_31' title="bbox 207 3450 1516 3541; baseline -0.002 -17"><span class='ocrx_word' id='word_1_295' title='bbox 207 3458 263 3524; x_wconf 90' lang='grc' dir='ltr'><strong><em>καί</em></strong></span> <span class='ocrx_word' id='word_1_296' title='bbox 286 3457 460 3524; x_wconf 86' lang='grc' dir='ltr'><strong><em>σπένδεται</em></strong></span> <span class='ocrx_word' id='word_1_297' title='bbox 483 3469 553 3534; x_wconf 78' lang='grc' dir='ltr'><strong><em>τοῖς</em></strong></span> <span class='ocrx_word' id='word_1_298' title='bbox 576 3456 696 3522; x_wconf 80' lang='grc' dir='ltr'><strong><em>ἑαυτοῦ</em></strong></span> <span class='ocrx_word' id='word_1_299' title='bbox 722 3458 949 3540; x_wconf 90' lang='grc' dir='ltr'><strong><em>τελειούμενος</em></strong></span> <span class='ocrx_word' id='word_1_300' title='bbox 976 3458 1099 3540; x_wconf 87' lang='grc' dir='ltr'><strong><em>αἵμασι.</em></strong></span> <span class='ocrx_word' id='word_1_301' title='bbox 1126 3455 1181 3521; x_wconf 90' lang='grc' dir='ltr'><strong><em>καί</em></strong></span> <span class='ocrx_word' id='word_1_302' title='bbox 1208 3458 1289 3541; x_wconf 85' lang='grc' dir='ltr'><strong><em>μετὰ</em></strong></span> <span class='ocrx_word' id='word_1_303' title='bbox 1317 3457 1377 3523; x_wconf 91' lang='grc' dir='ltr'><strong><em>τὸν</em></strong></span> <span class='ocrx_word' id='word_1_304' title='bbox 1403 3450 1516 3522; x_wconf 80' lang='grc' dir='ltr'><strong><em>ἆθλον</em></strong></span> 
     </span>
     <span class='ocr_line' id='line_1_32' title="bbox 208 3553 1517 3642; baseline -0.002 -21"><span class='ocrx_word' id='word_1_305' title='bbox 208 3556 311 3622; x_wconf 89' lang='grc' dir='ltr'><strong><em>αὐτοῦ</em></strong></span> <span class='ocrx_word' id='word_1_306' title='bbox 342 3558 389 3631; x_wconf 89' lang='grc' dir='ltr'><strong><em>εἰς</em></strong></span> <span class='ocrx_word' id='word_1_307' title='bbox 419 3554 584 3642; x_wconf 91' lang='grc' dir='ltr'><strong><em>οὐρανοὺς</em></strong></span> <span class='ocrx_word' id='word_1_308' title='bbox 614 3553 824 3638; x_wconf 88' lang='grc' dir='ltr'><strong><em>ἀναφέρεται,</em></strong></span> <span class='ocrx_word' id='word_1_309' title='bbox 847 3566 917 3631; x_wconf 75' lang='grc' dir='ltr'><strong><em>τοῖς</em></strong></span> <span class='ocrx_word' id='word_1_310' title='bbox 944 3565 1011 3620; x_wconf 89' lang='grc' dir='ltr'><strong><em>τῶν</em></strong></span> <span class='ocrx_word' id='word_1_311' title='bbox 1037 3553 1221 3638; x_wconf 89' lang='grc' dir='ltr'><strong><em>ἀσωμάτων</em></strong></span> <span class='ocrx_word' id='word_1_312' title='bbox 1252 3554 1374 3620; x_wconf 89' lang='grc' dir='ltr'><strong><em>αὐτόθι</em></strong></span> <span class='ocrx_word' id='word_1_313' title='bbox 1402 3565 1517 3641; x_wconf 81' lang='grc' dir='ltr'><strong><em>χοροῖς</em></strong></span> 
     </span>
     <span class='ocr_line' id='line_1_33' title="bbox 172 3651 1515 3740; baseline -0.001 -22"><span class='ocrx_word' id='word_1_314' title='bbox 172 3673 198 3711; x_wconf 76' lang='lat'><strong><em>2⁰</em></strong></span> <span class='ocrx_word' id='word_1_315' title='bbox 208 3654 464 3740; x_wconf 81' lang='grc' dir='ltr'><strong><em>ἀριθμούμενος.</em></strong></span> <span class='ocrx_word' id='word_1_316' title='bbox 496 3651 551 3717; x_wconf 88' lang='grc' dir='ltr'><strong><em>καί</em></strong></span> <span class='ocrx_word' id='word_1_317' title='bbox 580 3651 685 3729; x_wconf 83' lang='grc' dir='ltr'><strong><em>οὕτως</em></strong></span> <span class='ocrx_word' id='word_1_318' title='bbox 715 3652 752 3717; x_wconf 85' lang='grc' dir='ltr'><strong><em>ἐν</em></strong></span> <span class='ocrx_word' id='word_1_319' title='bbox 781 3656 874 3737; x_wconf 81' lang='grc' dir='ltr'><strong><em>γηρει</em></strong></span> <span class='ocrx_word' id='word_1_320' title='bbox 904 3657 992 3737; x_wconf 78' lang='grc' dir='ltr'><strong><em>καλῷ</em></strong></span> <span class='ocrx_word' id='word_1_321' title='bbox 1021 3652 1225 3718; x_wconf 90' lang='grc' dir='ltr'><strong><em>ἀναπαύεται</em></strong></span> <span class='ocrx_word' id='word_1_322' title='bbox 1252 3651 1289 3718; x_wconf 87' lang='grc' dir='ltr'><strong><em>έν</em></strong></span> <span class='ocrx_word' id='word_1_323' title='bbox 1317 3653 1446 3739; x_wconf 79' lang='grc' dir='ltr'><strong><em>Κύπρῳ</em></strong></span> <span class='ocrx_word' id='word_1_324' title='bbox 1475 3662 1515 3739; x_wconf 74' lang='grc' dir='ltr'><strong><em>τῇ</em></strong></span> 
     </span>
    </p>

    <p class='ocr_par' dir='ltr' id='par_1_10' title="bbox 100 3748 1086 3837">
     <span class='ocr_line' id='line_1_34' title="bbox 100 3748 1086 3837; baseline 0 -22"><span class='ocrx_word' id='word_1_325' title='bbox 100 3822 103 3828; x_wconf 57' lang='grc'><strong><em>,</em></strong></span> <span class='ocrx_word' id='word_1_326' title='bbox 207 3761 260 3837; x_wconf 74' lang='grc' dir='ltr'><strong><em>γη,</em></strong></span> <span class='ocrx_word' id='word_1_327' title='bbox 283 3748 598 3837; x_wconf 87' lang='grc' dir='ltr'><strong><em>παρακαταθέμενος</em></strong></span> <span class='ocrx_word' id='word_1_328' title='bbox 619 3751 659 3814; x_wconf 82' lang='grc' dir='ltr'><strong><em>τά</em></strong></span> <span class='ocrx_word' id='word_1_329' title='bbox 682 3759 742 3815; x_wconf 91' lang='grc' dir='ltr'><strong><em>τοῦ</em></strong></span> <span class='ocrx_word' id='word_1_330' title='bbox 765 3751 916 3834; x_wconf 84' lang='grc' dir='ltr'><strong><em>σώματος</em></strong></span> <span class='ocrx_word' id='word_1_331' title='bbox 938 3751 1086 3827; x_wconf 77' lang='grc' dir='ltr'><strong><em>λείψανα.</em></strong></span> 
     </span>
    </p>
   </div>
   <div class='ocr_carea' id='block_1_4' title="bbox 208 3952 1517 4277">
    <p class='ocr_par' dir='ltr' id='par_1_11' title="bbox 208 3952 1517 4277">
     <span class='ocr_line' id='line_1_35' title="bbox 298 3952 1517 4031; baseline -0.007 -15"><span class='ocrx_word' id='word_1_332' title='bbox 298 3968 330 4015; x_wconf 80' lang='grc'>13</span> <span class='ocrx_word' id='word_1_333' title='bbox 350 3960 426 4024; x_wconf 84' lang='grc' dir='ltr'><strong><em>τέλος</em></strong></span> <span class='ocrx_word' id='word_1_334' title='bbox 444 3963 510 4015; x_wconf 78' lang='lat' dir='ltr'><strong>ante</strong></span> <span class='ocrx_word' id='word_1_335' title='bbox 528 3967 587 4022; x_wconf 82' lang='grc' dir='ltr'><strong><em>τοῖς</em></strong></span> <span class='ocrx_word' id='word_1_336' title='bbox 605 3960 669 4013; x_wconf 89' lang='grc' dir='ltr'>Ε16</span> <span class='ocrx_word' id='word_1_337' title='bbox 695 3961 699 4031; x_wconf 98' lang='grc' dir='ltr'>Ι</span> <span class='ocrx_word' id='word_1_338' title='bbox 725 3957 896 4028; x_wconf 75' lang='grc' dir='ltr'><strong><em>ἐνεκαρτέρει</em></strong></span> <span class='ocrx_word' id='word_1_339' title='bbox 915 3953 1071 4029; x_wconf 73' lang='grc' dir='ltr'><strong><em>Ε17Ιμίν</em></strong></span> <span class='ocrx_word' id='word_1_340' title='bbox 1089 3971 1142 4009; x_wconf 87' lang='lat' dir='ltr'><strong><em>om.</em></strong></span> <span class='ocrx_word' id='word_1_341' title='bbox 1161 3953 1211 4023; x_wconf 81' lang='grc' dir='ltr'>ΑΙ</span> <span class='ocrx_word' id='word_1_342' title='bbox 1237 3956 1270 4006; x_wconf 83' lang='grc'>14</span> <span class='ocrx_word' id='word_1_343' title='bbox 1288 3955 1366 4006; x_wconf 83' lang='grc' dir='ltr'><strong><em>θεῖοι</em></strong></span> <span class='ocrx_word' id='word_1_344' title='bbox 1384 3952 1434 4022; x_wconf 91' lang='grc' dir='ltr'><strong><em>ΜΙ</em></strong></span> <span class='ocrx_word' id='word_1_345' title='bbox 1455 3952 1517 4021; x_wconf 88' lang='grc' dir='ltr'><strong><em>τρέ-</em></strong></span> 
     </span>
     <span class='ocr_line' id='line_1_36' title="bbox 209 4032 1514 4114; baseline -0.009 -16"><span class='ocrx_word' id='word_1_346' title='bbox 209 4062 291 4114; x_wconf 86' lang='grc' dir='ltr'><strong><em>φεται</em></strong></span> <span class='ocrx_word' id='word_1_347' title='bbox 309 4042 375 4095; x_wconf 88' lang='grc' dir='ltr'><strong><em>Ε11</em></strong></span> <span class='ocrx_word' id='word_1_348' title='bbox 405 4038 533 4110; x_wconf 80' lang='grc' dir='ltr'><strong><em>στέφεται</em></strong></span> <span class='ocrx_word' id='word_1_349' title='bbox 552 4039 611 4093; x_wconf 88' lang='grc' dir='ltr'><strong><em>ΑΜ</em></strong></span> <span class='ocrx_word' id='word_1_350' title='bbox 637 4044 641 4108; x_wconf 88' lang='grc' dir='ltr'>Ι</span> <span class='ocrx_word' id='word_1_351' title='bbox 668 4045 700 4093; x_wconf 78' lang='lat'><strong><em>15</em></strong></span> <span class='ocrx_word' id='word_1_352' title='bbox 720 4048 775 4094; x_wconf 87' lang='grc' dir='ltr'><strong><em>τῶν</em></strong></span> <span class='ocrx_word' id='word_1_353' title='bbox 793 4039 890 4094; x_wconf 85' lang='grc' dir='ltr'><strong><em>άθλων</em></strong></span> <span class='ocrx_word' id='word_1_354' title='bbox 909 4039 995 4093; x_wconf 82' lang='grc' dir='ltr'><strong><em>ἀστοῦ</em></strong></span> <span class='ocrx_word' id='word_1_355' title='bbox 1014 4036 1036 4089; x_wconf 90' lang='grc' dir='ltr'>Ε</span> <span class='ocrx_word' id='word_1_356' title='bbox 1054 4041 1086 4089; x_wconf 91' lang='grc'><strong><em>18</em></strong></span> <span class='ocrx_word' id='word_1_357' title='bbox 1114 4043 1169 4088; x_wconf 85' lang='grc' dir='ltr'><strong><em>τῶν</em></strong></span> <span class='ocrx_word' id='word_1_358' title='bbox 1188 4032 1285 4088; x_wconf 79' lang='grc' dir='ltr'><strong><em>ἄθλων</em></strong></span> <span class='ocrx_word' id='word_1_359' title='bbox 1308 4033 1400 4087; x_wconf 81' lang='grc' dir='ltr'><strong><em>αὐτῶν</em></strong></span> <span class='ocrx_word' id='word_1_360' title='bbox 1422 4032 1484 4086; x_wconf 91' lang='grc' dir='ltr'><strong><em>ΑΜ</em></strong></span> <span class='ocrx_word' id='word_1_361' title='bbox 1509 4034 1514 4106; x_wconf 98' lang='grc' dir='ltr'>Ι</span> 
     </span>
     <span class='ocr_line' id='line_1_37' title="bbox 208 4109 1517 4193; baseline -0.007 -16"><span class='ocrx_word' id='word_1_362' title='bbox 208 4121 403 4193; x_wconf 85' lang='grc' dir='ltr'><strong><em>ἀναφθέρεται</em></strong></span> <span class='ocrx_word' id='word_1_363' title='bbox 422 4120 451 4172; x_wconf 92' lang='grc' dir='ltr'>Μ</span> <span class='ocrx_word' id='word_1_364' title='bbox 465 4123 474 4189; x_wconf 97' lang='grc' dir='ltr'><strong><em>ΙΙ</em></strong></span> <span class='ocrx_word' id='word_1_365' title='bbox 488 4127 513 4187; x_wconf 88' lang='grc'><strong><em>4,</em></strong></span> <span class='ocrx_word' id='word_1_366' title='bbox 529 4126 544 4173; x_wconf 88' lang='grc'><strong>6</strong></span> <span class='ocrx_word' id='word_1_367' title='bbox 563 4125 680 4189; x_wconf 86' lang='grc' dir='ltr'><strong><em>θαρρῶν</em></strong></span> <span class='ocrx_word' id='word_1_368' title='bbox 699 4121 728 4173; x_wconf 92' lang='grc' dir='ltr'>Μ</span> <span class='ocrx_word' id='word_1_369' title='bbox 749 4122 752 4192; x_wconf 96' lang='grc' dir='ltr'>Ι</span> <span class='ocrx_word' id='word_1_370' title='bbox 775 4119 840 4174; x_wconf 85' lang='grc' dir='ltr'><strong><em>8δίε</em></strong></span> <span class='ocrx_word' id='word_1_371' title='bbox 860 4136 912 4173; x_wconf 91' lang='lat' dir='ltr'><strong><em>om.</em></strong></span> <span class='ocrx_word' id='word_1_372' title='bbox 931 4119 957 4172; x_wconf 81' lang='lat' dir='ltr'>A</span> <span class='ocrx_word' id='word_1_373' title='bbox 977 4121 981 4186; x_wconf 97' lang='grc' dir='ltr'>Ι</span> <span class='ocrx_word' id='word_1_374' title='bbox 1007 4124 1022 4171; x_wconf 88' lang='grc'>9</span> <span class='ocrx_word' id='word_1_375' title='bbox 1042 4111 1227 4185; x_wconf 79' lang='grc' dir='ltr'><strong><em>ἰίρουργησάν</em></strong></span> <span class='ocrx_word' id='word_1_376' title='bbox 1244 4113 1274 4167; x_wconf 90' lang='grc' dir='ltr'>Μ</span> <span class='ocrx_word' id='word_1_377' title='bbox 1299 4114 1303 4184; x_wconf 98' lang='grc' dir='ltr'>Ι</span> <span class='ocrx_word' id='word_1_378' title='bbox 1328 4109 1517 4182; x_wconf 83' lang='grc' dir='ltr'><strong><em>τετιμημένων</em></strong></span> 
     </span>
     <span class='ocr_line' id='line_1_38' title="bbox 210 4189 1514 4277; baseline -0.011 -18"><span class='ocrx_word' id='word_1_379' title='bbox 210 4204 313 4277; x_wconf 79' lang='grc' dir='ltr'><strong><em>ΘεῷΑ</em></strong></span> <span class='ocrx_word' id='word_1_380' title='bbox 336 4204 340 4274; x_wconf 94' lang='grc' dir='ltr'>Ι</span> <span class='ocrx_word' id='word_1_381' title='bbox 362 4208 394 4255; x_wconf 78' lang='lat'><strong><em>12</em></strong></span> <span class='ocrx_word' id='word_1_382' title='bbox 418 4197 533 4271; x_wconf 80' lang='grc' dir='ltr'><strong><em>ἁλόγιον</em></strong></span> <span class='ocrx_word' id='word_1_383' title='bbox 551 4201 580 4253; x_wconf 98' lang='grc' dir='ltr'>Μ</span> <span class='ocrx_word' id='word_1_384' title='bbox 605 4204 609 4270; x_wconf 95' lang='grc' dir='ltr'>Ι</span> <span class='ocrx_word' id='word_1_385' title='bbox 635 4199 727 4256; x_wconf 86' lang='grc' dir='ltr'><strong><em>ἀλλὸτι</em></strong></span> <span class='ocrx_word' id='word_1_386' title='bbox 751 4202 779 4255; x_wconf 94' lang='grc' dir='ltr'>Μ</span> <span class='ocrx_word' id='word_1_387' title='bbox 812 4199 854 4256; x_wconf 86' lang='grc' dir='ltr'><strong><em>ὅτι</em></strong></span> <span class='ocrx_word' id='word_1_388' title='bbox 872 4201 898 4253; x_wconf 82' lang='grc' dir='ltr'><strong>Α</strong></span> <span class='ocrx_word' id='word_1_389' title='bbox 919 4202 923 4271; x_wconf 99' lang='grc' dir='ltr'>Ι</span> <span class='ocrx_word' id='word_1_390' title='bbox 955 4204 987 4252; x_wconf 86' lang='grc'>17</span> <span class='ocrx_word' id='word_1_391' title='bbox 1006 4193 1245 4266; x_wconf 83' lang='grc' dir='ltr'><strong><em>ἀναφέρεσθαιΑ</em></strong></span> <span class='ocrx_word' id='word_1_392' title='bbox 1270 4196 1274 4262; x_wconf 94' lang='grc' dir='ltr'>Ι</span> <span class='ocrx_word' id='word_1_393' title='bbox 1304 4189 1414 4247; x_wconf 83' lang='grc' dir='ltr'><strong><em>καλέσαι</em></strong></span> <span class='ocrx_word' id='word_1_394' title='bbox 1432 4193 1514 4266; x_wconf 84' lang='grc' dir='ltr'><strong><em>ΑΜΙ</em></strong></span> 
     </span>
    </p>
   </div>
   <div class='ocr_carea' id='block_1_5' title="bbox 208 4290 1517 4550">
    <p class='ocr_par' dir='ltr' id='par_1_12' title="bbox 208 4290 1517 4550">
     <span class='ocr_line' id='line_1_39' title="bbox 208 4290 1515 4391; baseline -0.009 -17"><span class='ocrx_word' id='word_1_395' title='bbox 208 4318 398 4391; x_wconf 88' lang='grc' dir='ltr'><strong><em>προσλάβηται</em></strong></span> <span class='ocrx_word' id='word_1_396' title='bbox 416 4318 441 4371; x_wconf 87' lang='grc' dir='ltr'><strong>Α</strong></span> <span class='ocrx_word' id='word_1_397' title='bbox 459 4315 638 4389; x_wconf 86' lang='grc' dir='ltr'><strong><em>προσλάβειτε</em></strong></span> <span class='ocrx_word' id='word_1_398' title='bbox 651 4317 681 4370; x_wconf 94' lang='grc' dir='ltr'>Μ</span> <span class='ocrx_word' id='word_1_399' title='bbox 697 4320 701 4386; x_wconf 96' lang='grc' dir='ltr'>Ι</span> <span class='ocrx_word' id='word_1_400' title='bbox 719 4324 751 4371; x_wconf 83' lang='grc'>18</span> <span class='ocrx_word' id='word_1_401' title='bbox 771 4315 984 4386; x_wconf 81' lang='grc' dir='ltr'><strong><em>ολκειῶσηταιΑ</em></strong></span> <span class='ocrx_word' id='word_1_402' title='bbox 1003 4290 1138 4368; x_wconf 82' lang='grc' dir='ltr'><strong><em>οἰκειόσεί</em></strong></span> <span class='ocrx_word' id='word_1_403' title='bbox 1156 4329 1185 4364; x_wconf 85' lang='grc' dir='ltr'><strong><em>τε</em></strong></span> <span class='ocrx_word' id='word_1_404' title='bbox 1199 4309 1229 4362; x_wconf 92' lang='grc' dir='ltr'>Μ</span> <span class='ocrx_word' id='word_1_405' title='bbox 1244 4309 1248 4381; x_wconf 95' lang='grc' dir='ltr'>Ι</span> <span class='ocrx_word' id='word_1_406' title='bbox 1266 4314 1298 4361; x_wconf 89' lang='grc'>19</span> <span class='ocrx_word' id='word_1_407' title='bbox 1317 4307 1458 4371; x_wconf 86' lang='grc' dir='ltr'><strong><em>θύσαντες</em></strong></span> <span class='ocrx_word' id='word_1_408' title='bbox 1475 4308 1515 4383; x_wconf 91' lang='grc' dir='ltr'>ΑΙ</span> 
     </span>
     <span class='ocr_line' id='line_1_40' title="bbox 209 4389 1517 4468; baseline -0.006 -15"><span class='ocrx_word' id='word_1_409' title='bbox 209 4406 243 4455; x_wconf 76' lang='lat'><strong><em>20</em></strong></span> <span class='ocrx_word' id='word_1_410' title='bbox 263 4398 392 4460; x_wconf 86' lang='grc' dir='ltr'><strong><em>ὅντωςΑ</em></strong></span> <span class='ocrx_word' id='word_1_411' title='bbox 419 4396 454 4451; x_wconf 85' lang='grc' dir='ltr'><strong><em>τδι</em></strong></span> <span class='ocrx_word' id='word_1_412' title='bbox 467 4397 521 4468; x_wconf 78' lang='lat' dir='ltr'>ij</span> <span class='ocrx_word' id='word_1_413' title='bbox 541 4400 606 4467; x_wconf 78' lang='lat' dir='ltr'><strong>post</strong></span> <span class='ocrx_word' id='word_1_414' title='bbox 623 4397 737 4466; x_wconf 83' lang='grc' dir='ltr'><strong><em>θύματα</em></strong></span> <span class='ocrx_word' id='word_1_415' title='bbox 756 4397 785 4449; x_wconf 95' lang='grc' dir='ltr'>Μ</span> <span class='ocrx_word' id='word_1_416' title='bbox 813 4396 930 4466; x_wconf 78' lang='lat' dir='ltr'>explicit</span> <span class='ocrx_word' id='word_1_417' title='bbox 948 4394 978 4448; x_wconf 90' lang='lat' dir='ltr'><strong><em>in</em></strong></span> <span class='ocrx_word' id='word_1_418' title='bbox 1001 4395 1072 4447; x_wconf 80' lang='lat' dir='ltr'><strong>haee</strong></span> <span class='ocrx_word' id='word_1_419' title='bbox 1094 4391 1191 4446; x_wconf 76' lang='lat' dir='ltr'><strong>verba:</strong></span> <span class='ocrx_word' id='word_1_420' title='bbox 1215 4397 1264 4444; x_wconf 87' lang='grc' dir='ltr'><strong><em>τοῦ</em></strong></span> <span class='ocrx_word' id='word_1_421' title='bbox 1283 4393 1417 4457; x_wconf 81' lang='grc' dir='ltr'><strong><em>Χριστοῦ·</em></strong></span> <span class='ocrx_word' id='word_1_422' title='bbox 1439 4389 1517 4445; x_wconf 83' lang='grc' dir='ltr'><strong><em>ἀυτῶ</em></strong></span> 
     </span>
     <span class='ocr_line' id='line_1_41' title="bbox 209 4470 1141 4550; baseline -0.009 -17"><span class='ocrx_word' id='word_1_423' title='bbox 209 4501 226 4550; x_wconf 90' lang='grc' dir='ltr'><strong><em>η</em></strong></span> <span class='ocrx_word' id='word_1_424' title='bbox 245 4478 315 4544; x_wconf 83' lang='grc' dir='ltr'><strong><em>δόξα</em></strong></span> <span class='ocrx_word' id='word_1_425' title='bbox 334 4479 382 4532; x_wconf 87' lang='grc' dir='ltr'><strong><em>καί</em></strong></span> <span class='ocrx_word' id='word_1_426' title='bbox 399 4477 431 4532; x_wconf 84' lang='grc' dir='ltr'><strong><em>τὸ</em></strong></span> <span class='ocrx_word' id='word_1_427' title='bbox 455 4477 556 4547; x_wconf 88' lang='grc' dir='ltr'><strong><em>κράτος</em></strong></span> <span class='ocrx_word' id='word_1_428' title='bbox 575 4478 614 4540; x_wconf 85' lang='grc' dir='ltr'><strong><em>εἰς</em></strong></span> <span class='ocrx_word' id='word_1_429' title='bbox 636 4480 701 4541; x_wconf 87' lang='grc' dir='ltr'><strong><em>τούς</em></strong></span> <span class='ocrx_word' id='word_1_430' title='bbox 724 4477 829 4538; x_wconf 80' lang='grc' dir='ltr'><strong><em>αἰῶνας</em></strong></span> <span class='ocrx_word' id='word_1_431' title='bbox 851 4485 907 4531; x_wconf 87' lang='grc' dir='ltr'><strong><em>τῶν</em></strong></span> <span class='ocrx_word' id='word_1_432' title='bbox 930 4474 1041 4528; x_wconf 78' lang='grc' dir='ltr'><strong><em>αἰώνων</em></strong></span> <span class='ocrx_word' id='word_1_433' title='bbox 1059 4470 1141 4540; x_wconf 76' lang='grc' dir='ltr'><strong><em>ἀμήν.</em></strong></span> 
     </span>
    </p>
   </div>
   <div class='ocr_carea' id='block_1_6' title="bbox 210 4633 1516 4790">
    <p class='ocr_par' dir='ltr' id='par_1_13' title="bbox 210 4633 1516 4790">
     <span class='ocr_line' id='line_1_42' title="bbox 317 4633 1516 4706; baseline -0.008 -15"><span class='ocrx_word' id='word_1_434' title='bbox 317 4643 638 4705; x_wconf 77' lang='lat'>16-17=3,12-13</span> <span class='ocrx_word' id='word_1_435' title='bbox 664 4638 668 4706; x_wconf 92' lang='grc' dir='ltr'>Ι</span> <span class='ocrx_word' id='word_1_436' title='bbox 695 4642 727 4690; x_wconf 79' lang='grc' dir='ltr'><strong><em>ιι</em></strong></span> <span class='ocrx_word' id='word_1_437' title='bbox 747 4634 862 4703; x_wconf 67' lang='grc' dir='ltr'><strong><em>εἵμασιν</em></strong></span> <span class='ocrx_word' id='word_1_438' title='bbox 881 4635 941 4690; x_wconf 76' lang='lat' dir='ltr'><strong>eod.</strong></span> <span class='ocrx_word' id='word_1_439' title='bbox 965 4640 969 4704; x_wconf 96' lang='grc' dir='ltr'>Ι</span> <span class='ocrx_word' id='word_1_440' title='bbox 996 4637 1100 4688; x_wconf 79' lang='grc' dir='ltr'><strong><em>ιι-ιε</em></strong></span> <span class='ocrx_word' id='word_1_441' title='bbox 1129 4656 1164 4680; x_wconf 66' lang='grc' dir='ltr'><strong><em>ω</em></strong></span> <span class='ocrx_word' id='word_1_442' title='bbox 1191 4636 1300 4700; x_wconf 60' lang='grc' dir='ltr'><strong><em>λιι-5</em></strong></span> <span class='ocrx_word' id='word_1_443' title='bbox 1323 4633 1328 4700; x_wconf 99' lang='grc' dir='ltr'>Ι</span> <span class='ocrx_word' id='word_1_444' title='bbox 1354 4635 1460 4685; x_wconf 80' lang='lat'>18-20</span> <span class='ocrx_word' id='word_1_445' title='bbox 1478 4657 1516 4678; x_wconf 87' lang='lat'><em>=</em></span> 
     </span>
     <span class='ocr_line' id='line_1_43' title="bbox 210 4716 1019 4790; baseline -0.005 -19"><span class='ocrx_word' id='word_1_446' title='bbox 210 4725 235 4790; x_wconf 84' lang='lat'><strong><em>3,</em></strong></span> <span class='ocrx_word' id='word_1_447' title='bbox 252 4723 356 4773; x_wconf 78' lang='lat'>15-16</span> <span class='ocrx_word' id='word_1_448' title='bbox 373 4719 377 4790; x_wconf 94' lang='grc' dir='ltr'>Ι</span> <span class='ocrx_word' id='word_1_449' title='bbox 395 4723 427 4772; x_wconf 87' lang='lat'><strong><em>18</em></strong></span> <span class='ocrx_word' id='word_1_450' title='bbox 446 4727 501 4773; x_wconf 73' lang='grc' dir='ltr'><strong><em>τοι</em></strong></span> <span class='ocrx_word' id='word_1_451' title='bbox 520 4716 617 4772; x_wconf 78' lang='grc' dir='ltr'><strong><em>ιοιωι</em></strong></span> <span class='ocrx_word' id='word_1_452' title='bbox 636 4716 695 4771; x_wconf 80' lang='lat' dir='ltr'><strong>cod.</strong></span> <span class='ocrx_word' id='word_1_453' title='bbox 713 4717 717 4788; x_wconf 94' lang='grc' dir='ltr'>Ι</span> <span class='ocrx_word' id='word_1_454' title='bbox 734 4721 837 4770; x_wconf 81' lang='grc' dir='ltr'><strong><em>εο-ει</em></strong></span> <span class='ocrx_word' id='word_1_455' title='bbox 858 4742 890 4761; x_wconf 90' lang='grc'><strong><em>.-.</em></strong></span> <span class='ocrx_word' id='word_1_456' title='bbox 909 4721 934 4784; x_wconf 80' lang='grc' dir='ltr'><strong><em>ε,</em></strong></span> <span class='ocrx_word' id='word_1_457' title='bbox 949 4720 1019 4768; x_wconf 77' lang='grc'><strong><em>3-4</em></strong></span> 
     </span>
    </p>
   </div>
   <div class='ocr_carea' id='block_1_7' title="bbox 0 0 1653 5190">
    <p class='ocr_par' dir='ltr' id='par_1_14' title="bbox 0 0 1653 5190">
     <span class='ocr_line' id='line_1_44' title="bbox 0 0 1653 5190; baseline 0 0"><span class='ocrx_word' id='word_1_458' title='bbox 0 0 1653 5190; x_wconf 95' lang='lat' dir='ltr'><strong><em> </em></strong></span> 
     </span>
    </p>
   </div>
  </div>
 </body>
</html>
