3294 5190
538 328 579 383 De
597 327 752 383 incubandi
770 328 872 382 ritibus
892 329 1092 399 symbolisque.
1431 332 1474 396 23

165 492 290 557 Numae
323 497 419 578 caput
450 492 536 576 apud
567 491 715 556 Faunum
745 493 796 556 bis
829 493 993 576 spargitur
1020 493 1106 557 unda
1138 495 1271 559 fontana
1298 491 1370 581 (Ov.
1389 494 1475 563 Fast.

166 589 213 654 iv
232 588 320 676 aas).

236 730 270 784 cf.
291 728 423 799 Synesius
443 729 477 782 de
500 727 619 783 insomn.
635 735 650 782 7
669 729 764 799 Migne
783 729 858 783 Patr.
879 729 924 784 Gr.
944 732 965 784 t.
981 736 1015 783 66
1033 749 1060 799 p.
1077 732 1192 786 130113:
1217 732 1322 801 ταύτην
1346 732 1399 803 ἐγὼ
1424 733 1475 802 τὴν

237 810 374 880 μαντικὴν
393 808 501 880 ἐμαυτῷ
515 828 544 863 τε
558 810 626 874 ἀξιῶ
645 818 786 878 παρεῖναι,
805 811 854 863 καί
872 811 952 863 παισί
971 813 1143 879 καταλιπεῖν,
1163 809 1208 879 ἐφ’
1231 809 1267 879 ἣν
1286 813 1319 866 ού
1335 815 1380 866 δεῖ
1396 810 1475 884 βαδί-

236 893 293 955 ζειν
316 885 573 956 συσκευασαμένους
595 887 663 943 δδδν
682 888 793 956 μακρδιν
816 887 833 957 ἢ
856 891 945 943 πλοῦν
969 887 1133 958 ὑπερόριον,
1158 890 1249 958 ὥσπερ
1269 894 1406 960 Πυθῶδε,
1428 893 1477 946 καὶ

237 970 265 1032 ἐς
282 966 434 1039 Ἄμμωνος·
458 966 518 1022 ἀλλ’
546 969 629 1036 ἀρκεῖ
650 971 888 1037 καταδαρθεῖν
906 977 985 1039 χεῖρα
1011 967 1204 1039 νιψοίμενύν
1226 989 1255 1024 τε
1279 972 1328 1025 καί
1352 971 1475 1041 εὐφημή-

237 1067 333 1104 σαντα.
357 1081 391 1089 -
414 1048 497 1117 Aqua
519 1048 660 1103 lustrandi
687 1065 772 1102 causa
797 1051 932 1103 utuntur:
961 1048 1077 1117 Stengel
1100 1048 1146 1104 Gr.
1170 1049 1344 1105 Kultusalt.¹
1369 1056 1420 1103 144
1434 1069 1474 1118 sq.

237 1129 314 1183 Diels
342 1128 441 1198 Sibyll.
467 1128 508 1182 Bl.
535 1147 562 1198 p.
577 1134 621 1196 48,
641 1135 666 1196 2,
681 1135 706 1183 2.
729 1147 756 1198 p.
778 1134 818 1182 71.
856 1129 955 1182 Rohde
983 1127 1109 1197 Psyche²
1136 1129 1162 1182 Π
1184 1135 1236 1183 405
1256 1147 1295 1197 sq.
1333 1129 1476 1183 Dieterich

237 1211 339 1264 Abrax.
359 1228 386 1278 p.
406 1209 495 1262 158A.
533 1208 697 1263 Notandum
721 1208 851 1263 adhiberi
877 1225 980 1278 aquam
1005 1207 1151 1276 fluentem3
1175 1225 1296 1276 quocum
1323 1227 1476 1279 congruere

236 1307 357 1359 papyros
382 1288 520 1358 magicas,
545 1287 569 1342 si
587 1287 808 1357 perscrutaberis
834 1305 894 1356 eas,
913 1287 998 1341 facile
1021 1287 1158 1344 invenies:
1183 1289 1328 1342 lavacrum
1354 1289 1384 1343 in
1410 1289 1476 1345 Nilo

237 1368 350 1427 flumine
363 1367 524 1422 faciendum
539 1368 629 1423 Wcss.
639 1368 685 1423 Gr.
694 1369 745 1422 ZP.
756 1374 840 1436 21,43
852 1386 892 1437 sq.
907 1369 1000 1439 λαβὼν
1013 1367 1137 1439 μύγαλον
1153 1366 1294 1424 ἑκθίιουον
1308 1372 1344 1439 (q.
1354 1386 1376 1425 c.
1386 1374 1477 1440 sacra)

237 1448 372 1521 πηγαίῳ
395 1447 478 1502 ύδατι
501 1449 550 1503 καλ
567 1450 661 1519 λαβὼν
684 1448 849 1517 κανθάρους
872 1449 1052 1517 σεληνιακοδς
1075 1448 1126 1502 δύο
1151 1446 1291 1504 ἐκθέωσον
1316 1447 1400 1503 ύδατι
1418 1469 1477 1504 πο-

236 1526 344 1600 ταμίῳ
376 1527 414 1581 ib.
444 1533 576 1596 saissa
593 1547 652 1597 sqq.
681 1527 764 1582 ύδατι
787 1525 966 1600 θαλασσίῳ
988 1524 1094 1597 ρἀίνιον
1120 1533 1196 1596 (nam
1218 1528 1289 1582 haec
1312 1532 1387 1583 corte
1412 1547 1477 1583 con-

236 1609 388 1677 iungenda,
407 1624 579 1676 quamquam
603 1608 765 1677 ceteroquin
784 1609 862 1662 locus
882 1610 1028 1677 corruptus
1043 1607 1163 1678 videtur)
1182 1607 1220 1662 ib.
1237 1613 1278 1675 75,
1294 1613 1371 1663 2158.
1400 1607 1475 1678 ύδωρ

236 1697 358 1758 πηγαῖον
372 1688 610 1756 Parth.127,246.
627 1686 786 1744 ἀπύκλυσον
800 1691 847 1759 (sc.
859 1686 974 1759 χάρτην)
989 1689 1029 1750 είς
1042 1691 1105 1758 (em.
1117 1688 1213 1743 Parth.
1229 1691 1394 1745 αποκλυσων
1404 1709 1428 1744 ει
1438 1692 1476 1759 p.)

236 1767 311 1835 ύδιορ
335 1776 485 1838 πηγαῖον
504 1768 560 1822 σἰπὸ
580 1767 608 1833 ζ’
630 1771 659 1839 (l)
681 1777 792 1839 πηγῶν,
815 1770 863 1823 καί
886 1766 932 1823 πίε
957 1767 1025 1822 abab
1045 1769 1129 1838 (αντα
1148 1770 1186 1838 p.)
1210 1767 1256 1821 ἐπὶ
1280 1766 1384 1837 ἡμέρας
1402 1768 1426 1834 ζ’
1448 1771 1476 1838 (1)

236 1847 360 1918 νήστης
384 1847 679 1917 Parth.126,234sq.
722 1848 821 1901 Adhuc
845 1848 992 1902 attulimus
1016 1865 1031 1902 e
1054 1847 1170 1918 papyris
1197 1847 1316 1917 magicis
1339 1849 1477 1903 eiusmodi

236 1928 321 1994 locos,
339 1927 443 1995 quibus
462 1927 625 1981 unctionem
643 1927 689 1982 vel
707 1927 878 1982 lavationem
897 1928 927 1981 in
945 1928 1028 1982 rebus
1047 1927 1173 1997 mysticis
1198 1944 1320 1982 seorsum
1340 1928 1476 1983 usitatam

235 2007 322 2061 fuisse
351 2007 550 2062 declararetur.
592 2007 699 2061 Tamen
726 2009 917 2076 quaerendum
942 2010 1000 2074 est,
1028 2026 1096 2060 num
1122 2024 1206 2076 quem
1233 2008 1327 2061 locum
1354 2008 1475 2077 reperire

235 2087 382 2157 possimus,
401 2087 451 2141 ubi
470 2086 601 2142 similiter
619 2088 704 2155 atque
722 2087 752 2140 in
771 2087 873 2142 ritibus
888 2088 964 2158 apud
978 2087 1170 2157 Trophonium
1185 2089 1365 2142 observandis
1380 2087 1476 2143 unctio

237 2185 302 2220 cum
326 2166 470 2221 lavatione
493 2166 644 2221 coniuncta
667 2166 712 2222 sit.
750 2167 791 2221 Ac
813 2168 939 2238 profecto
965 2168 1083 2237 praebet
1105 2167 1188 2221 nobis
1206 2184 1329 2238 papyrus
1348 2167 1477 2221 Parisina

237 2246 360 2315 aliquid,
384 2248 459 2315 quod
483 2246 603 2301 conferri
626 2264 709 2316 posse
731 2247 801 2300 mihi
821 2248 942 2302 videtur.
979 2248 1018 2301 Ut
1040 2246 1140 2302 melius
1165 2248 1287 2315 eluceat,
1316 2266 1372 2316 qua
1394 2248 1424 2301 in
1447 2264 1477 2301 re

238 2325 430 2393 consentiant,
454 2326 625 2380 Pausaniam
651 2343 761 2396 quoque
781 2327 909 2381 describo
928 2327 976 2398 (IX
991 2332 1033 2393 39,
1050 2331 1089 2397 7):
1113 2336 1209 2395 πρῶτα
1228 2326 1279 2396 μὲν
1297 2328 1328 2382 ἐν
1346 2336 1379 2399 τῇ
1398 2328 1477 2383 νυκτλ

237 2407 324 2462 αὐτὸν
343 2405 459 2477 ἄγουσιν
479 2406 525 2461 ἐπί
538 2407 589 2461 τὸν
607 2407 761 2476 ποταμὸν
775 2407 827 2476 τὴν
834 2403 991 2476 Ἕρκυναν,
1005 2404 1159 2477 ἀγαγόντες
1172 2406 1203 2461 δὲ
1223 2405 1322 2480 ἐλαίῳ
1342 2410 1477 2478 χρίουσι

236 2488 285 2541 καλ
308 2486 420 2541 λούουσι
445 2487 497 2541 δύο
521 2489 622 2549 παῖδες
645 2490 701 2541 κτλ.
738 2486 822 2556 Apud
844 2488 935 2541 Wess.
955 2486 1001 2541 Gr.
1020 2487 1153 2555 ZP.102,
1172 2493 1242 2541 3246
1261 2505 1320 2556 sqq.
1345 2488 1478 2558 leguntur

238 2567 322 2622 haec:
341 2564 466 2636 ποίησις·
482 2567 663 2634 καθαρεύσας
681 2567 837 2635 districtiss
854 2568 902 2621 καί
916 2567 1008 2637 λαβὼν
1022 2566 1157 2635 ποτήριον
1175 2565 1293 2638 χαλκίον
1302 2567 1414 2638 γράψον
1429 2567 1477 2621 διὰ

236 2643 457 2716 ζμνιρνομέλανος
479 2646 531 2717 τὴν
559 2644 809 2717 προγεγραμμένην
832 2646 933 2716 στήλην
961 2645 1207 2718 ἐπι[κ]αλουμένην
1227 2645 1401 2717 Ἀφροδίτην
1429 2649 1476 2701 καί

236 2735 354 2797 χρῖσαι
382 2724 484 2799 ἐλαίῳ
515 2728 683 2799 ύ,.αστικῷ
711 2729 760 2782 καί
784 2724 867 2782 ύδατι
896 2724 1049 2800 ποταμίῳ
1077 2732 1196 2800 καθαρῷ
1220 2730 1274 2784 κτλ,
1303 2737 1396 2798 χρῖσαι
1420 2727 1475 2781 iam

236 2807 325 2861 Wess.
346 2806 500 2876 intellexit;
518 2806 642 2861 traditur
660 2824 767 2877 χρησαι.
798 2806 903 2872 Quodsi
926 2806 1108 2873 dubitaveris,
1128 2824 1165 2861 an
1179 2808 1293 2861 verbum
1306 2806 1395 2879 χρίειν
1414 2826 1477 2861 cum

239 2887 344 2955 ‘aqua'
370 2886 502 2956 coniungi
526 2886 629 2957 possit,
652 2886 724 2941 ahos
747 2887 801 2942 tibi
824 2887 900 2941 locos
924 2888 993 2941 duos
1013 2887 1197 2954 admoverim,
1223 2886 1325 2957 quihus
1345 2888 1391 2942 hic
1410 2906 1476 2942 usus

236 2983 371 3052 loquendi
399 2984 573 3040 stabiliatur:
592 2985 687 3054 ,Wess
707 2984 753 3039 Gr.
773 2985 823 3040 ZP.
840 2991 907 3052 104,
926 2991 960 3039 66
976 3003 1031 3053 sq:
1056 2984 1183 3055 ἔγχρισον
1205 2988 1247 3054 (εν
1270 2963 1350 3056 δύο.)
1374 2984 1405 3040 δὲ
1427 2985 1478 3040 τὸν

237 3064 330 3129 δεξιὸν
350 3063 501 3133 ὀφθαλμὸν
519 3062 587 3133 μεθ’
609 3063 718 3127 ύδατος.
756 3064 884 3119 Alterum
903 3065 1046 3119 Dieterich
1059 3065 1159 3135 Papyr.
1175 3081 1248 3134 mag.
1264 3085 1292 3135 p.
1308 3070 1359 3118 616
1374 3066 1412 3118 XI
1429 3073 1476 3120 32:

238 3140 387 3212 ἐξαλείψας
416 3142 527 3216 πηγαίῳ
558 3142 648 3198 ύδατι.
686 3144 746 3197 Ηου
774 3145 970 3198 tantummodo
998 3144 1161 3214 ambiguum
1188 3160 1241 3197 nec
1273 3144 1343 3198 satis
1371 3147 1478 3198 certum

236 3223 356 3290 videtur,
379 3225 474 3277 utrum
497 3232 599 3294 χρῖσαι,
621 3223 711 3277 forma
734 3223 878 3290 medialis,
901 3223 1046 3291 reflexive,
1064 3226 1097 3277 ut
1116 3223 1209 3277 dicere
1224 3224 1360 3288 solemus,
1380 3223 1418 3278 sit
1435 3224 1477 3277 in-
1518 3280 1520 3284 ,

239 3304 402 3373 tellegenda
429 3320 465 3357 an
490 3302 652 3372 dynamice,
678 3303 720 3357 ita
745 3306 778 3357 ut
802 3303 967 3372 ‘aorbprov'
993 3303 1169 3358 accusativus
1189 3303 1313 3374 suppleri
1339 3307 1476 3374 oporteat.

238 3383 377 3452 Equidem
395 3383 517 3454 priorem
536 3383 706 3437 sententiam
724 3400 840 3452 sequor,
865 3387 962 3439 tamen
987 3384 1110 3438 concedo
1130 3384 1247 3437 alteram
1267 3400 1377 3452 quoque
1395 3401 1477 3454 posse

238 3463 359 3518 defendi.
398 3463 453 3518 Sed
472 3463 667 3533 quoquomodo
691 3479 734 3517 res
759 3479 819 3517 sese
838 3463 940 3531 habet,
966 3465 1019 3517 hoc
1042 3462 1156 3532 quidem
1180 3463 1273 3517 elucet
1294 3463 1409 3517 lavandi
1427 3483 1478 3518 un-

236 3543 377 3613 gendique
397 3543 483 3598 ritum
501 3543 548 3597 hic
567 3542 626 3596 illic
645 3543 766 3597 eundem
789 3560 862 3610 esse,
888 3543 1029 3598 lustrandi
1048 3560 1133 3597 causa
1157 3541 1265 3597 scilicet
1285 3543 1476 3599 constitutum.

237 3625 344 3691 Restat,
363 3626 396 3679 ut
415 3624 555 3678 adiectivo
574 3623 618 3676 illi
637 3626 767 3694 conupto
785 3624 829 3678 vel
852 3624 946 3694 potius
964 3623 1069 3694 partim
1088 3623 1197 3691 deleto,
1221 3625 1296 3691 quod
1315 3621 1397 3697 ἐλαίῳ
1416 3625 1478 3679 voci

237 3704 406 3770 adnectitur,
425 3704 534 3773 aliquid
557 3704 684 3759 medelae
709 3703 811 3758 afferre
835 3721 973 3758 conemur.
1011 3703 1120 3758 Desunt
1142 3702 1255 3757 litterae
1274 3704 1346 3758 duae
1365 3705 1478 3773 punctis

238 3784 346 3837 duobus
365 3801 382 3838 a
401 3784 547 3854 Wesselyo
566 3787 691 3839 notatae.
728 3783 907 3838 Adiectivum
926 3784 997 3838 illud
1016 3784 1054 3838 ad
1073 3781 1154 3856 ἐλαίῳ
1173 3783 1314 3853 pertinere
1333 3788 1366 3838 ut
1382 3785 1478 3839 termi-

236 3862 352 3917 natione
372 3869 422 3936 ικῷ
442 3865 601 3918 declaratur
619 3865 661 3918 ita
679 3868 829 3934 propterea
847 3881 958 3933 quoque
973 3865 1117 3934 probatur,
1136 3864 1212 3932 quod
1226 3881 1346 3933 sequens
1362 3863 1475 3920 ‘bdurr’

238 3943 336 3997 eodem
355 3944 438 3998 modo
457 3944 584 4013 epitheto
607 3943 767 4013 praeditum
791 3948 842 3999 est.
880 3945 1072 4014 Supplendum
1096 3946 1139 3997 est
1162 3943 1356 4017 ἀ[σπ]αστικῷ.
1394 3945 1478 3999 Cuius

235 4023 311 4076 vocis
331 4023 500 4094 significatio
519 4027 564 4093 (=
584 4026 767 4095 salutatores)
797 4024 888 4093 magis
904 4023 1027 4078 dilucide
1047 4023 1205 4094 apparebit,
1225 4023 1248 4078 si
1263 4041 1298 4078 ex
1312 4025 1410 4079 eadem
1429 4043 1478 4096 pa·

238 4119 308 4172 pyro
327 4103 456 4158 Parisina
475 4105 596 4160 alterum
614 4103 811 4174 protulerimus
834 4104 934 4158 locum.
962 4103 1098 4174 Inspicias
1116 4104 1206 4159 Wess.
1218 4110 1327 4171 36,638.
1365 4105 1477 4172 Versus,

237 4183 287 4251 qui
306 4184 485 4251 antecedunt,
504 4185 667 4239 describunt
686 4184 732 4238 dei
751 4183 896 4238 cuiusdam
910 4183 1004 4254 (Solis)
1023 4183 1153 4238 advocati
1171 4183 1301 4238 habitum
1320 4186 1382 4254 (635
1393 4187 1477 4254 sqq.):

238 4264 297 4337 ίψη
316 4263 388 4318 θεὸν
406 4265 541 4332 νεώτερον
560 4267 653 4334 εύειδῆ
672 4262 856 4334 πυρινύτριχα
875 4263 906 4318 ἐν
929 4274 1024 4334 χιτῶνι
1041 4267 1129 4336 λευκῷ
1152 4265 1201 4318 καὶ
1224 4264 1343 4334 χλαμύδι
1361 4262 1477 4337 κοκκίνη

238 4344 337 4415 ἔχοντα
359 4344 479 4411 πύρινον
503 4343 650 4413 στέφανον.
689 4343 820 4413 Sequitur
838 4346 1033 4413 praeceptum:
1062 4342 1168 4407 εὐθέως
1191 4343 1316 4397 δίσπασαι
1334 4344 1422 4398 αύτὸν
1439 4349 1477 4416 τῷ

238 4421 347 4496 πυρίνῳ
365 4426 399 4494 (l)
418 4425 622 4497 ἀσπαστικῷ.
660 4424 701 4477 De
728 4441 795 4478 voce
820 4421 974 4496 ‘nvplvp',
997 4440 1069 4493 quae
1093 4423 1161 4492 quid
1180 4423 1287 4490 valeat,
1313 4424 1389 4476 haud
1409 4423 1477 4478 satis

168 4629 338 4685 scholiastae
366 4628 559 4683 testimonium
586 4629 679 4684 Piraei
708 4628 931 4698 intellegendum
959 4645 1020 4684 csse
1048 4627 1239 4698 Asclepieum‚
1273 4644 1337 4680 cum
1365 4645 1475 4682 sacrum

167 4710 306 4764 urbanum
325 4713 426 4778 quarto
446 4709 557 4762 demum
576 4708 688 4763 saeculo
707 4708 852 4763 conditum
870 4711 952 4763 esset.
