3294 5190
590 333 632 387 De
650 332 832 388 incubatione
851 332 1014 387 christiana.
1366 335 1429 400 105

121 500 229 561 mente
253 497 400 561 custodes
425 521 499 562 suos
523 496 763 580 adloqueretur,
787 495 914 561 vinculo
938 497 1093 562 liberatus
1116 503 1294 582 κατεκλίθη
1318 500 1431 585 πράως

121 594 175 660 καλ
198 597 433 661 κατεπαύσατο.
457 593 545 682 περὶ
570 592 611 660 δέ
634 594 753 678 μέσας
780 596 925 671 νύκτας
953 598 1043 674 ὄψις
1071 598 1174 684 αύτῷ
1203 598 1430 662 διαδείκνυ-

121 718 183 758 ται
212 692 324 759 τοιάδε
357 692 575 778 ἀγγέλλουσα·
606 695 689 779 πρὸς
719 693 778 758 τὸν
808 692 983 779 εὐκτηριον
1013 689 1107 760 οἶκον
1134 704 1192 778 της
1224 697 1431 779 Θεομητορος

121 794 202 876 ίεσο,
226 792 315 868 ὅστις
342 801 399 875 τῆς
424 790 553 867 Ἐλαίας
580 792 873 877 προσονομάζεται·
901 792 1023 857 αὐτόθι
1050 794 1129 878 γάρ,
1157 797 1277 878 φησίν,
1305 796 1430 879 ίαθήση

121 900 180 956 τοῦ
203 891 384 975 πτώματος.
404 891 449 966 ὡς
472 887 509 955 δὲ
527 887 632 977 ἡμέρα
650 887 780 972 ἐγένετο
799 887 854 954 καὶ
878 891 949 973 τὴν
972 893 1149 976 θεωρίαν
1172 893 1277 955 εἰπεῖν
1295 890 1430 956 άπετόλ-

121 1005 239 1073 μησεν,
268 988 335 1052 ὑπὸ
362 999 430 1053 τῶν
458 987 673 1052 ἀκουσάντων
701 989 789 1071 ἤχθη
816 991 883 1052 κτλ.
929 985 968 1052 ln
995 988 1153 1071 Dciparae
1181 988 1282 1073 igitur
1309 987 1430 1071 templo

120 1087 270 1150 Florinus
285 1090 427 1151 sanatur:
443 1083 515 1173 (19)
531 1084 585 1150 καὶ
601 1085 707 1162 οὕτως
724 1084 852 1150 τέλειον
870 1085 1083 1171 ἐθεραπεύθη
1102 1096 1163 1151 τοῦ
1180 1087 1312 1162 πάθους
1327 1085 1344 1150 ὁ
1359 1087 1431 1150 δαι-

121 1195 235 1268 μονῶν
259 1185 340 1260 δοὺς
363 1183 465 1262 δόξαν
488 1194 533 1270 τῷ
559 1185 627 1247 διά
649 1194 718 1249 τοῦ
742 1183 858 1267 ἁγίου
877 1185 938 1268 τὴν
957 1190 1047 1249 ίασιν
1067 1183 1289 1270 ένεργήσαντι.
1317 1187 1431 1269 μείνας

121 1279 157 1346 dt
180 1285 336 1358 πλείστας
359 1281 439 1358 ὅσας
462 1280 583 1367 ἡμέρας
606 1279 661 1346 καὶ
689 1290 747 1364 τῆς
774 1284 953 1368 θεραπείας
980 1283 1016 1347 τὸ
1044 1281 1182 1366 βέβαιον
1213 1282 1300 1358 ὄψει
1328 1303 1432 1367 παρα-

121 1377 233 1464 λαβὼν
256 1383 382 1465 χαίρων
405 1381 489 1463 πρὸς
512 1382 590 1456 τοὺς
614 1381 721 1455 ἰδίους
745 1379 913 1446 ἐστέλλετο
936 1385 1004 1444 κτλ.
1049 1379 1112 1444 Per
1136 1384 1291 1465 sanctum,
1314 1379 1431 1444 Thera-

120 1482 252 1561 pcntem
275 1477 406 1562 scilicet,
430 1473 517 1542 Deus
542 1478 660 1542 dicitur
684 1478 824 1542 effecisse
848 1478 1055 1563 curationem,
1078 1478 1187 1562 itaque
1211 1481 1339 1542 sanctus
1363 1478 1432 1561 ipse

120 1598 178 1658 per
201 1598 349 1640 somnum
377 1575 528 1659 apparuit
555 1576 606 1640 rel
633 1576 790 1641 visionem
818 1576 907 1640 illam
935 1576 1038 1661 misit,
1069 1577 1103 1640 in
1131 1598 1187 1640 suc
1216 1575 1319 1660 ipsius
1346 1577 1431 1639 vide-

120 1674 195 1738 licet
218 1696 316 1738 sacro.
362 1673 436 1738 Huc
457 1696 605 1738 reversus
628 1674 777 1738 Florinus
801 1679 923 1739 ceteros
953 1675 1020 1739 dies
1044 1674 1202 1759 transegit
1225 1679 1321 1758 atque
1344 1696 1432 1738 cura-

120 1772 241 1835 tionem
264 1771 439 1855 perfectam
463 1795 532 1836 esse
556 1773 672 1837 iterum
695 1795 753 1856 per
776 1773 938 1837 somnium
961 1775 1092 1857 accepit.
1129 1772 1167 1837 Id
1186 1774 1272 1857 quod
1296 1796 1312 1837 e
1336 1773 1432 1836 mira-

120 1869 200 1933 culis
215 1870 319 1934 adhuc
333 1870 440 1935 allatis
455 1870 677 1954 conclusimus,
692 1894 715 1935 s.
726 1870 964 1954 Therapontem
980 1894 1107 1956 quoque
1122 1895 1179 1956 per
1193 1871 1432 1936 incubationem

119 1968 260 2051 aegrotis
284 1968 442 2033 indicasse
465 1968 613 2053 remedia,
637 1968 709 2032 aliis
733 1969 874 2033 eiusdem
900 1970 1037 2034 encomii
1065 1970 1144 2034 locis
1173 1969 1294 2053 optime
1319 1970 1433 2034 confir·

120 2069 237 2129 matur.
285 2064 388 2130 Senex
413 2066 543 2150 quidam
566 2089 585 2129 a
608 2067 776 2151 militibus,
799 2091 933 2152 operum
957 2068 1172 2152 exactoribus,
1200 2066 1296 2132 fustis
1329 2090 1431 2151 usque

119 2164 160 2227 ad
191 2165 327 2227 mortem
355 2185 465 2228 caesus
494 2164 609 2242 ὀψίας
638 2166 739 2248 ούσης
771 2166 804 2229 in
835 2168 986 2251 martyris
1017 2190 1142 2231 sacrum
1170 2170 1326 2250 portatur.
1372 2167 1432 2230 De·

122 2262 294 2344 sperabant
319 2284 429 2326 omnes
453 2262 508 2345 qui
533 2262 685 2326 videbant
707 2263 800 2327 illum
824 2264 876 2328 vel
898 2266 984 2348 quod
1008 2266 1128 2330 factum
1148 2269 1231 2329 esset
1250 2264 1432 2348 audiebant,

120 2357 192 2423 ἀλλ’
216 2359 233 2424 ὁ
257 2359 384 2444 μάρτυς
407 2360 511 2424 αὐτὸν
541 2361 607 2424 διά
634 2369 701 2444 τῆς
728 2363 872 2438 νυκτὸς
901 2363 1113 2446 ἰασάμενος
1140 2359 1262 2448 ἡμέρας
1289 2361 1432 2446 ὑποφαι-

119 2457 244 2539 νούσης
267 2456 432 2523 άπέλυσεν
457 2455 656 2545 (24,12εη.).
702 2458 848 2523 Marinus
872 2460 1002 2542 quidam
1021 2465 1130 2525 mutus
1149 2464 1182 2525 et
1204 2464 1275 2525 toto
1299 2481 1432 2544 corpore

119 2559 231 2638 captus
259 2556 355 2620 κατὰ
383 2556 425 2621 τὸ
453 2556 518 2621 ὑπὸ
548 2566 608 2622 τοῦ
636 2557 734 2640 ἁγίου
763 2556 804 2622 ἐν
833 2557 1003 2644 ὀπτασίᾳ
1030 2555 1175 2643 λεχθὲν
1202 2559 1349 2643 ἠλείφθη
1385 2611 1391 2624 .
1425 2611 1431 2623 .

119 2662 166 2740 τῷ
194 2663 261 2718 τῶν
298 2654 467 2731 λειψάνων
503 2654 759 2741 άπομυρίσματι.
799 2654 855 2721 καὶ
891 2666 989 2721 τοῦτο
1027 2655 1149 2722 παθὼν
1182 2658 1258 2734 ὅλος
1295 2647 1432 2741 γέγονεν

118 2753 215 2836 ὑγιὴς
238 2757 306 2816 κτλ.
331 2753 398 2839 (21,
415 2751 526 2840 lsqq.)
572 2753 751 2818 Plurimum
774 2777 850 2819 vero
875 2755 966 2819 dccet
989 2755 1180 2819 miraculum
1204 2757 1290 2841 quod
1312 2756 1433 2841 legitur

118 2850 296 2934 20,1sqq.:
322 2849 469 2915 ἐνταῦθα
490 2851 657 2936 ὑθροπικη
675 2877 726 2930 τις
748 2853 902 2918 ε’τέθειτο.
925 2850 980 2918 καὶ
1001 2855 1141 2919 ἰδοῦσα
1163 2855 1232 2920 τὸν
1255 2855 1370 2937 ἅγιον
1392 2863 1432 2939 τη

118 2951 217 3033 σμίλη
245 2949 302 3023 τὰς
321 2948 435 3032 βάσεις
463 2951 564 3034 άκρας
592 2949 843 3036 άναστομοῦντα
867 2952 1099 3035 ὃιύπνησεν·
1122 2948 1169 3034 ἦν
1192 2954 1264 3038 γάρ
1289 2953 1433 3016 καθεύ-

118 3047 257 3129 δουσα,
281 3045 361 3110 ὅταν
384 3045 626 3132 ἐχειρουργήθη
649 3049 738 3130 παρά
761 3057 822 3113 τοῦ
844 3050 1020 3134 μάρτυρος.
1049 3059 1120 3126 τοῖς
1142 3046 1180 3114 δὲ
1202 3048 1304 3115 ποσὶν
1327 3051 1433 3127 εὐθὺς

116 3144 210 3226 μετά
233 3144 303 3226 τὴν
328 3143 571 3228 ἐγρήγορσιν
594 3143 795 3210 ἐπινεύσασα
818 3145 909 3229 ὕδωρ
934 3145 1021 3233 ὁρᾷ.
1041 3196 1048 3210 .
1068 3146 1260 3233 ,ἀπορρέον
1284 3158 1351 3212 τῶν
1374 3149 1433 3229 βά-

118 3258 211 3304 σεων.
259 3239 319 3304 Oui
342 3241 421 3304 talia
443 3240 564 3326 legenti
589 3240 722 3307 Oosmac
751 3248 783 3307 et
806 3243 956 3308 Damiani
988 3245 1039 3309 vel
1064 3243 1140 3328 Cyri
1170 3250 1202 3310 et
1225 3244 1356 3310 Ioannis
1380 3246 1430 3309 vel

118 3338 220 3421 ipsius
243 3337 428 3422 Aesculapii
452 3340 633 3404 curationes
657 3341 690 3404 in
715 3342 902 3406 memoriam
926 3364 992 3407 non
1014 3343 1170 3407 venerint.

206 3435 447 3501 Attendendum
479 3439 565 3522 apud
596 3438 834 3523 Therapontcm
869 3463 996 3525 quoque
1031 3442 1094 3505 duo
1132 3440 1189 3505 illa
1225 3441 1428 3506 curationum

118 3554 235 3618 genera
259 3534 422 3599 observari
445 3558 548 3621 posse,
571 3537 708 3601 alterum
731 3560 804 3602 cum
828 3539 897 3622 ipse
921 3543 1049 3603 sanctus
1077 3560 1135 3622 per
1162 3543 1290 3604 noctem
1319 3540 1429 3604 statim

120 3637 211 3697 sanat
234 3632 433 3721 aegrotum1)
458 3632 512 3720 (cf.
532 3640 660 3718 praeter
682 3636 874 3701 miraculum
897 3638 992 3701 modo
1012 3636 1155 3722 allatum,
1179 3637 1235 3701 ubi
1255 3638 1430 3702 curationis

117 3731 254 3816 vestigia
286 3755 398 3798 somno
429 3733 535 3797 soluto
563 3739 733 3820 apparent,
767 3735 971 3820 16,13sqq.3
1005 3735 1209 3820 20,19sqq.;
1241 3733 1431 3822 24,12sq.),

117 3828 254 3892 alterum
291 3853 364 3895 cum
400 3831 540 3896 remedia
577 3836 703 3896 tantum
735 3857 793 3916 per
825 3833 986 3898 somnium
1018 3856 1037 3896 a
1073 3837 1218 3917 martyre
1250 3834 1432 3898 indicantur

117 3923 311 4013 (12,9sqq.;
344 3929 442 4015 16,9;
473 3928 639 4017 21,lsq.).
690 3929 873 3995 Adhibetur
903 3932 1009 3995 oleum
1043 3953 1169 3995 sacrum
1197 3929 1264 4017 (16,
1281 3929 1330 4018 9),
1360 3955 1431 3996 cera

117 4020 266 4112 (20,19),
289 4032 490 4113 unguentum
519 4030 604 4113 quod
632 4052 650 4092 e
677 4029 823 4112 reliquiis
852 4030 985 4112 profluit
1013 4031 1115 4108 sancti
1143 4028 1210 4116 (21,
1227 4032 1260 4115 83
1294 4031 1333 4094 cf.
1353 4027 1430 4115 §tlt

115 4123 250 4186 Maximi
274 4129 323 4188 est
346 4127 500 4190 momenti
525 4127 622 4190 etiam
641 4128 727 4210 apud
746 4126 983 4210 Therapontcm
1007 4128 1041 4191 in
1064 4128 1135 4211 ipso
1158 4128 1227 4192 solo
1251 4132 1431 4211 prostratos

115 4221 215 4285 fuisse
239 4227 395 4307 aegrotos,
419 4224 452 4287 id
476 4225 561 4306 quod
585 4228 745 4289 testantur
768 4247 848 4308 quac
871 4224 952 4310 legis
979 4227 1177 4311 17‚11sqq.:
1201 4226 1313 4289 Maria
1338 4247 1431 4310 quae-

116 4319 189 4384 dam
219 4342 332 4386 cancro
358 4321 508 4409 laborans
540 4324 783 4409 τεσσαράκοντα
811 4374 817 4387 .
847 4375 853 4387 .
885 4322 1007 4409 ἡμέρας
1040 4323 1077 4388 ἐν
1104 4326 1240 4410 νηστεία
1278 4321 1333 4389 καί
1364 4347 1430 4407 χα-

206 4568 390 4638 1)cf.18‚1:
414 4569 507 4636 παρὸν
532 4569 597 4630 τοὺς
624 4578 685 4625 νῦν
713 4567 1025 4639 κατακλινομένονς
1046 4570 1225 4638 θεάσασθαι,
1258 4572 1306 4624 καλ
1335 4568 1426 4639 μεθ’

68 4714 74 4722 ¹
115 4647 132 4716 ἡ
138 4646 240 4717 μέρος
258 4648 285 4720 (i.
297 4666 321 4704 e.
332 4649 423 4719 prima
437 4649 508 4718 lucc,
528 4650 561 4704 cf.
577 4655 620 4717 20,
635 4644 679 4712 20)
699 4650 794 4705 ἐλθεῖν
812 4652 860 4705 καὶ
879 4651 952 4705 ἰδεῖν
969 4653 1034 4713 τοὺς
1053 4650 1116 4718 άρτι
1135 4649 1295 4721 πάσχοντας
1318 4650 1360 4706 ἀν
1376 4669 1429 4719 ερ-

116 4725 287 4797 ρωμένους
305 4732 354 4784 καὶ
374 4733 537 4801 capsam:
