3294 5190
611 335 653 389 De
671 334 854 389 incubatione
873 334 1034 389 christiana.
1438 335 1480 399 95

174 516 277 584 μασιν
291 500 418 584 ἔχομεν,
433 499 497 582 ἀρα
512 499 653 583 Χριστὸς
672 499 802 582 δωρεάν
816 496 984 562 ἀπέθανεν
999 497 1133 580 ὀλίγους
1152 499 1254 564 αὐτοῦ
1273 498 1341 563 τῶν
1362 507 1483 564 παθῶν

175 599 359 673 κοινωνοὺς
382 598 629 681 ποιησάμενος.
653 646 660 660 .
684 645 691 660 .
716 598 747 660 εί
768 598 831 681 γάρ
855 593 909 659 καί
933 593 1009 679 μηδ’
1038 595 1122 672 ὅλως
1145 594 1231 661 είσλν
1253 597 1482 682 ὑπομνήματα,

172 695 228 759 ἵνα
260 693 325 759 καὶ
358 696 428 778 την
461 698 665 780 Κυρίλλου
696 696 856 779 παρησω
889 692 1068 771 διάλεξιν
1099 695 1141 758 τὸ
1173 703 1250 759 πᾶν
1281 694 1483 781 ἀρκοῦσαν

170 790 463 875 πιστώσασθαι,
486 794 526 856 τά
549 794 628 867 τοὺς
651 791 781 873 ἀγῶνας
803 800 871 854 τῶν
895 789 1000 873 άγίων
1018 792 1222 877 κηρύττοντά
1244 790 1299 857 καὶ
1322 794 1383 877 τὴν
1405 800 1482 877 κλη-

172 907 228 955 σιν
258 890 369 955 αύτῶν
395 889 646 972 ὑποφαίνοντα,
675 889 712 952 τὸ
743 893 873 972 πλῆθος
901 888 1002 974 ἐχρην
1028 899 1097 953 τῶν
1127 891 1302 974 δυνάμεων
1332 903 1400 956 τῶν
1431 890 1477 957 δι’

173 988 285 1052 αὐτῶν
308 987 525 1062 ἀδιαλείπτως
553 989 732 1070 γινόμενον
763 985 1023 1074 (1.γινομίνων)
1052 999 1234 1073 παρασχεῖν
1261 990 1374 1065 αὐτοῖς
1401 1014 1482 1076 μαρ-

170 1087 282 1172 τύρων
304 1086 474 1168 ὑπόληψιν
496 1091 564 1150 κτλ.
611 1083 734 1160 Quibus
766 1108 783 1148 e
810 1084 916 1149 verbis
947 1089 1082 1169 apparet
1110 1086 1210 1150 fuisse
1238 1086 1398 1170 homines,
1427 1088 1481 1170 qui

174 1182 293 1267 Cyrum
317 1187 348 1248 et
372 1181 525 1247 Ioannem
549 1186 706 1266 martyres
735 1204 892 1247 essenon
920 1183 1100 1268 crederent,
1131 1184 1217 1266 quod
1244 1206 1320 1248 vero
1348 1186 1482 1248 maximi

171 1281 341 1346 momenti:
364 1281 454 1344 nulla
477 1281 638 1345 exstitisse
666 1281 705 1344 de
733 1284 916 1345 sanctorum
945 1280 1074 1344 illorum
1104 1281 1259 1364 martyrio
1292 1283 1482 1347 documenta

170 1384 299 1462 praeter
330 1401 382 1443 eas
414 1400 493 1462 quas
526 1377 666 1462 Cyrillus
695 1379 863 1462 episcopus
893 1377 1008 1442 habuit
1039 1380 1207 1444 orationes.
1254 1378 1347 1455 Quod
1374 1386 1483 1446 tamen

170 1500 277 1541 rerum
301 1477 430 1541 eventui
454 1499 519 1541 von
542 1476 686 1541 obfuisse
710 1499 807 1561 supra
828 1477 976 1541 vidimus.

260 1575 432 1639 Probabile
463 1575 591 1639 videtur
622 1574 742 1659 Cyrum
773 1579 805 1639 et
835 1572 988 1640 Ioannem
1016 1579 1175 1659 martyres
1207 1577 1247 1639 od
1283 1574 1416 1641 Cosmae
1449 1583 1481 1642 et

170 1673 320 1738 Damiani
344 1673 526 1757 exemplum
550 1695 619 1738 esse
642 1674 846 1738 constitutos.
890 1671 1033 1748 Quorum
1058 1678 1243 1738 sanctorum
1267 1697 1362 1757 quam
1385 1679 1480 1740 notae

169 1773 290 1837 fuerint
318 1773 499 1837 curationes
528 1794 544 1835 e
574 1770 747 1856 Sophronii
779 1770 943 1835 miraculis
972 1770 1024 1854 30,
1039 1769 1162 1835 35200
1186 1774 1336 1858 cognosci
1364 1778 1481 1858 potest,

169 1869 226 1932 ubi
249 1869 436 1934 delectabile
460 1869 540 1933 illud
564 1871 696 1934 affertur
718 1876 833 1953 θαῦμα
864 1869 903 1932 de
930 1869 1063 1933 muliere
1087 1874 1177 1933 muta
1204 1873 1235 1933 et
1263 1871 1333 1934 viro
1356 1872 1482 1957 paraly-

169 1968 233 2031 tico
264 1991 293 2052 p.
316 1969 358 2032 72
386 1991 404 2030 a
433 1967 527 2033 nobis
561 1970 855 2032 commemoratum.
909 1965 1033 2031 Eodem
1063 1968 1134 2031 loco
1168 1967 1314 2032 clarescit
1349 1972 1479 2036 omnino

169 2067 264 2130 huius
289 2065 375 2130 illius
400 2069 583 2130 sanctorum
612 2067 699 2150 paris
728 2063 882 2129 miracula
909 2065 993 2128 inter
1023 2087 1056 2129 se
1083 2066 1217 2129 confusa
1245 2089 1326 2151 esse,
1354 2090 1417 2151 qua
1446 2093 1480 2134 re

168 2167 286 2228 natura
313 2186 424 2228 eorum
453 2168 548 2248 atque
584 2163 707 2229 indoles
736 2164 840 2227 denuo
877 2163 997 2246 optime
1031 2162 1222 2228 illustratur:
1251 2163 1333 2249 φασὶ
1361 2163 1398 2231 δὲ
1425 2165 1479 2231 καλ

169 2266 310 2347 Κοσμάν
345 2260 400 2327 καὶ
437 2264 614 2348 Λαμιανὸν
645 2265 724 2338 τοὺς
765 2260 881 2344 ἁγίους
919 2264 1119 2347 σννιατροὺς
1151 2260 1205 2326 καλ
1245 2263 1480 2349 συμμάρτυρας

167 2362 322 2425 τοιοῦτόν
349 2385 381 2424 τι
408 2360 653 2447 διαπράξασθαι
682 2358 804 2446 (actum
833 2362 881 2423 est
910 2359 948 2422 de
981 2356 1067 2423 Gesii
1095 2360 1211 2423 medici
1238 2361 1416 2444 curatione,
1440 2363 1479 2426 cf.

167 2481 197 2541 p.
218 2456 291 2545 87),
323 2459 433 2544 ὥσπερ
465 2455 519 2522 καὶ
551 2467 611 2522 τοῦ
646 2455 791 2543 παρίτου
817 2454 872 2522 καὶ
900 2465 958 2541 της
993 2455 1119 2522 ἀλάλου
1152 2462 1318 2540 γυναικός.
1346 2459 1386 2523 ού
1413 2461 1480 2544 μην

169 2554 253 2621 ἀλλά
276 2553 331 2620 καὶ
354 2556 391 2620 τὸ
416 2565 473 2640 της
491 2554 646 2641 Ἑβραίας
668 2564 725 2638 τῆς
749 2554 887 2640 ἐχούσης
909 2555 970 2619 τὸν
988 2558 1149 2641 καρκίνον
1168 2558 1230 2621 ἔσω
1249 2559 1480 2643 κρυπτόμενον

168 2657 281 2740 Κῦρος
294 2652 349 2718 καὶ
360 2652 520 2737 ,Ἰωάννης
538 2654 735 2745 πεπράχασι,
753 2654 835 2740 άπερ
855 2651 973 2718 πολλοὶ
993 2653 1037 2729 ὡς
1057 2649 1138 2737 χθὲς
1158 2658 1319 2737 γεγονότα
1337 2653 1479 2739 μίμνην-

167 2775 220 2816 ται
243 2750 298 2816 καὶ
320 2752 550 2838 κηρύττουσιν.
578 2751 662 2817 ἀλλά
684 2760 787 2817 ταῦτα
814 2749 877 2837 μὲν
904 2753 948 2827 ὡς
975 2749 1039 2815 καὶ
1066 2762 1149 2828 τοῖς
1177 2751 1341 2818 ἐκείνων
1369 2751 1478 2835 ἐγγε-

167 2850 370 2937 γραμμένα
393 2851 570 2935 θαύμασι
596 2851 868 2937 παρεδράμομεν,
891 2850 928 2915 τὸ
957 2849 1066 2936 παρὸν
1095 2847 1132 2914 δὲ
1159 2852 1333 2936 τεράστιον
1360 2851 1404 2927 ὡς
1434 2853 1478 2936 μὴ

169 3051 240 3123 λοις
264 3047 295 3111 ολ
319 3048 408 3128 ἀγιοι
431 3048 471 3110 τά
495 3047 578 3110 αὐτά
606 3046 861 3131 διαπράττοντες
889 3042 923 3130 (l.
947 3044 1220 3131 διαπράττονται)
1248 3047 1417 3131 θαύματα·
1442 3046 1477 3111 ἐκ

167 3155 244 3228 μιᾶς
274 3146 337 3230 γάρ
368 3152 475 3226 πηγῆς
505 3145 619 3228 Κῦρός
648 3166 683 3206 τε
712 3140 767 3206 καὶ
790 3140 961 3224 Ἰωάννης,
993 3145 1129 3225 Κοσμας
1156 3166 1190 3207 τε
1222 3140 1276 3207 καὶ
1304 3145 1477 3228 Λαμιανδς

168 3247 316 3326 Χριστοῦ
347 3251 407 3306 τοῦ
433 3247 520 3306 Θεοῦ
547 3240 641 3325 ἡμῶν
669 3239 827 3326 ἀρύονται
850 3240 891 3303 τά
915 3239 1035 3323 ἰάματα
1044 3237 1069 3326 1)
1092 3245 1159 3304 κτλ.
1205 3238 1319 3324 Itaque
1342 3241 1476 3305 miracu-

167 3339 234 3401 lum
260 3337 348 3403 Gesii
371 3338 530 3403 curationi
555 3338 660 3402 simile
683 3337 723 3401 ad
748 3336 897 3401 Cosmam
922 3359 1049 3421 quoque
1073 3341 1105 3401 et
1125 3337 1319 3403 Damianum
1337 3339 1474 3403 relatum

167 3441 224 3521 est,
249 3437 386 3502 alterum
413 3438 451 3500 de
479 3436 613 3501 muliere
635 3435 752 3500 Iudaea
777 3435 863 3520 quod
886 3435 1007 3520 agitur,
1031 3457 1049 3498 a
1073 3434 1269 3521 Sophroni0‚
1294 3437 1369 3522 quia
1392 3438 1476 3501 inter

170 3536 344 3599 eorundem
368 3540 553 3601 sanctorum
577 3534 757 3600 curationes
781 3538 944 3618 receptum
969 3537 1061 3619 esset,
1085 3534 1240 3598 omissum
1263 3536 1407 3619 profecto
1432 3536 1477 3599 in-

146 3633 297 3696 'venitur
320 3636 405 3718 apud
428 3633 723 3721 Wangnereokium
745 3657 775 3717 p.
795 3632 861 3696 314
885 3632 944 3696 sub
969 3654 1015 3696 nr.
1035 3632 1065 3696 2.
1111 3630 1206 3696 Adici
1228 3637 1336 3716 potest
1365 3635 1476 3698 simili-

168 3730 313 3795 tudinem
328 3734 488 3816 quandam
508 3733 606 3798 etiam
625 3732 710 3796 inter
730 3730 806 3814 Cyri
824 3729 1018 3814 Ioannisque
1037 3729 1088 3794 52.
1109 3734 1140 3794 et
1161 3729 1294 3795 Cosmae
1313 3732 1476 3796 Damiani-

168 3850 230 3911 que
256 3829 304 3895 12.
328 3831 524 3896 intercedere
547 3830 709 3895 miracula.
751 3828 837 3892 illud
856 3850 983 3914 quoque
1002 3829 1139 3893 fortasse
1157 3829 1221 3893 huc
1238 3830 1350 3894 referri
1369 3835 1476 3915 potest

166 3926 291 3991 duobus
315 3929 394 3993 locis
425 3928 578 3995 Ioannem
604 3927 679 4013 Cyri
707 3927 840 3991 fratrem
868 3924 1064 4014 appellaril).
1111 3925 1203 4002 Quod
1231 3950 1306 3992 vero
1333 3929 1475 4014 graviori

166 4029 217 4088 est
239 4032 438 4112 argumento,
463 4028 566 4112 Cyrus
590 4032 622 4092 et
644 4026 781 4091 Ioannes
813 4025 923 4089 eodem
952 4046 1185 4110 anargyrorum
1213 4027 1403 4112 cognomine
1427 4051 1474 4092 or-

165 4127 292 4208 nantur,
317 4126 402 4209 quod
425 4126 569 4209 ipsorum
594 4125 728 4191 Gosmae
752 4128 784 4188 et
806 4123 957 4187 Damiani
981 4128 1049 4188 erat
1072 4125 1252 4210 proprium,
1275 4126 1395 4210 quippe
1419 4127 1474 4209 qui

164 4222 279 4307 gratiis
304 4228 452 4288 curarent
475 4228 632 4311 aegrotos.

165 4477 193 4531 ἰ,
256 4402 280 4469 1)
301 4399 347 4454 Sic
369 4399 632 4470 interpungendum.
677 4399 774 4471 Migne
797 4400 928 4469 praebet:
958 4397 999 4471 (ἐκ
1023 4407 1088 4470 μιᾶς
1113 4446 1117 4455 .
1139 4445 1144 4457 .
1166 4446 1171 4457 .
1191 4401 1322 4472 Χριστοῦ)
1345 4407 1394 4456 τοῦ
1415 4446 1419 4456 .
1441 4446 1446 4457 ,
1467 4446 1472 4455 .

176 4499 280 4630 ‘maij
301 4565 394 4630 Κῦρος
412 4561 500 4624 εὐθὺς
519 4557 709 4629 ἀναφαίνεται
725 4559 863 4630 Ἰωάννην
882 4562 933 4616 οῦν
956 4563 1031 4635 αύτῷ
1053 4562 1103 4617 τὸν
1127 4561 1278 4630 ἀδελφὸν
1302 4561 1474 4632 ἐπαγόμενος

165 4641 324 4774 ξὸθζιὲέἒῄ
353 4647 446 4710 Κῦρος
473 4635 509 4710 ἦν
540 4641 555 4696 δ
582 4638 731 4703 θεσπέσιος
755 4639 892 4711 Ἰωάννην
919 4642 969 4698 τὸν
1002 4642 1153 4713 ἀδελφὸν
1181 4642 1274 4706 δεξιόν
1302 4640 1474 4714 ἐπαγόμενος

201 4764 208 4789 ,
328 4765 332 4774 .
