3294 5190
229 302 291 364 126
780 299 918 354 Laudatio
1320 305 1533 371 10,21-12‚20

228 464 454 530 ε’παπολαῦσαι
478 463 538 529 τὸν
562 465 664 546 λόγον
685 471 745 527 τοῦ
769 464 982 548 διηγήματος·
1052 462 1087 527 ἐκ
1105 467 1239 528 πολλῶν
1258 459 1295 527 δέ
1318 462 1445 548 ὀλίγοις
1464 464 1534 530 ἐπι-

229 563 366 649 δραμὼν
383 563 467 649 πρὸς
489 562 526 626 τὸ
549 559 650 645 πέρας
672 558 727 626 καὶ
751 562 792 644 δή
816 570 876 625 τοῦ
900 560 1128 644 συντάγματος
1150 558 1320 647 τρέψομαι.

182 674 219 728 11
319 660 557 745 κατεκρύπτετο
581 655 642 743 μὲν
669 660 732 742 γάρ
760 660 894 746 οἰκίσκῳ
924 681 992 723 τινι
1019 656 1114 743 μέχρι
1141 663 1268 724 πολλοῦ
1294 660 1374 743 μετὰ
1401 660 1463 744 τήν
1486 662 1535 738 είς

231 758 315 842 ήμᾶς
339 758 494 822 εὐκταίαν
518 755 695 841 ἐπιδημίαν
712 755 733 838 ή
754 755 825 840 ίερά
844 772 906 821 σου
924 758 1012 839 θήκη
1032 759 1200 840 πανόλβιε,
1266 758 1449 843 μετριάζειν
1467 759 1533 845 γάρ

229 853 337 939 ὥσπερ
362 854 505 938 ἐβούλου
528 852 583 919 καὶ
606 854 667 919 οὐκ
690 853 908 938 ε’κπομπεύειν
930 854 1012 938 τάχα
1036 855 1076 918 τά
1099 854 1262 938 θαύματα.
1325 854 1394 920 ἀλλ’
1424 854 1533 920 ὁτῶν

228 953 334 1036 ἀγίων
357 953 406 1028 είς
428 948 618 1036 τούμφανές
640 953 731 1034 άγων
754 953 794 1016 τά
821 952 1063 1036 κατορθώματα
1143 952 1225 1038 πρὸς
1248 956 1416 1039 σωτηρίαν
1437 953 1534 1039 ήμῶν

206 1048 284 1116 ικαὶ
306 1050 347 1113 τά
370 1049 412 1113 σά
435 1058 493 1132 τῆς
515 1048 688 1132 ἀθλήσεως
743 1048 964 1134 ἐθριάμβευσε
986 1052 1135 1128 λείψανα.
1197 1048 1301 1135 όγάρ
1321 1051 1450 1116 τούτων
1472 1053 1536 1136 τήν

226 1150 380 1233 φυλακήν
403 1145 440 1211 ἐν
461 1149 631 1234 μυστηρίῳ
657 1146 915 1232 πεπιστευμένος
937 1146 1002 1212 ὑπὸ
1025 1149 1122 1224 θείας
1145 1147 1249 1233 ῥοπῆς
1265 1146 1417 1232 κινηθεὶς
1435 1149 1533 1214 αὐτό-

225 1269 327 1329 ματος
356 1239 462 1328 ήλθεν
496 1244 629 1309 κάκεῖνα
660 1243 773 1328 φέρων
803 1243 916 1309 ἐδίδου
946 1255 1019 1320 ταῖς
1052 1253 1112 1309 τοῦ
1147 1245 1336 1330 πρεσβύτου
1369 1255 1437 1310 τῶν
1467 1238 1534 1310 ὧδε

225 1346 347 1427 χερσίν.
392 1340 461 1426 μετ’
495 1342 592 1426 εὐχῆς
619 1338 656 1406 δέ
687 1336 785 1417 οὗτος
811 1340 865 1406 καὶ
892 1342 1087 1428 ψαλμῳδίας
1118 1351 1339 1426 πνευματικῆς
1362 1341 1399 1407 ἐν
1422 1342 1533 1427 ἐπιμε-

227 1444 298 1525 λείᾳ
321 1438 497 1524 δεξάμενος
565 1438 691 1515 εὐθέως
714 1440 758 1515 ὡς
781 1434 824 1523 ῆν
847 1440 933 1515 εἰκὸς
956 1438 1159 1522 ἐγκατέθετο.
1235 1434 1305 1505 εἶτα
1326 1443 1533 1526 μικρούυχή-

190 1564 216 1603 ιο
226 1553 295 1621 σας,
319 1528 373 1603 οἷα
396 1542 490 1621 φιλεῖ
516 1539 713 1621 συμβαίνειν
740 1547 810 1613 τοῖς
839 1536 1050 1623 ἀρχομένοις,
1076 1535 1130 1602 καὶ
1158 1538 1241 1621 πρὸς
1268 1535 1448 1622 ὀλιγωρίαν
1476 1536 1532 1602 καὶ

227 1637 329 1700 ὄκνον
353 1634 503 1710 ἐκκλίνας
525 1632 636 1717 βλέπει
659 1633 730 1698 κατ’
760 1637 841 1718 όναρ
865 1635 925 1699 τὸν
948 1636 1047 1718 ἀγιον
1070 1635 1221 1718 λέγοντα·
1285 1630 1431 1712 ὦοῦτος
1452 1660 1532 1718 καρ-

225 1732 375 1817 τέρησον,
443 1731 483 1796 οὐ
507 1733 550 1816 μή
574 1732 637 1818 γάρ
661 1732 747 1816 ὑμᾶς
765 1731 984 1816 ἐπιλείύομαι.
1037 1733 1156 1821 [τούτῳ
1180 1730 1233 1810 δὶς
1257 1732 1391 1810 ἐπιστὰς
1413 1731 1533 1798 λαθὼν

225 1856 251 1895 ω
276 1855 337 1895 ετο,

180 1855 274 1989 12Ιχ
313 1829 368 1984 κάλ
392 1917 467 2003 μεθ’
495 1917 617 2005 ἡμέρας
640 1920 733 1996 τινάς
755 1924 893 2001 λεγεῶυι
916 1921 1086 2004 δαιμόνων
1109 1944 1159 1996 τις
1182 1920 1412 2004 ἐλαυνόμενος,
1477 1919 1531 2005 γέ-

223 2042 282 2094 νος
304 2013 367 2102 μὲν
384 2016 517 2100 Ἰταλός,
544 2021 717 2103 Φλωρῐνος
740 2014 777 2082 δέ
800 2017 957 2102 τούνομα,
1035 2020 1147 2101 ἐμελλε
1169 2014 1245 2101 περὶ
1267 2019 1305 2083 τὸ
1330 2022 1532 2104 Βλαχερνῶν
1600 2030 1602 2034 ’

222 2119 348 2199 τειχίον
371 2116 506 2179 ἀνωθεν
530 2112 582 2179 ἐπὶ
605 2116 666 2198 τήν
689 2124 752 2197 γῆν
775 2115 1014 2194 ἀκοντιζεσθαι.
1095 2112 1310 2198 κατασχεθεὶς
1333 2112 1370 2180 δέ
1392 2115 1459 2182 ὑπό
1483 2141 1532 2182 τι-

223 2237 293 2278 νων
316 2212 352 2277 ἐκ
374 2220 434 2277 τοῦ
457 2212 603 2297 ταράχου
626 2213 663 2277 τὸ
687 2211 797 2288 πάθος
818 2211 1139 2297 προαισθανομένων
1164 2211 1219 2277 καὶ
1242 2212 1308 2277 ὑπὸ
1333 2219 1529 2299 παραφυλα-

201 2311 284 2393 εκῆν
308 2311 463 2393 γεγονώς,
486 2311 530 2386 ὡς
553 2310 650 2395 ὡρῶν
672 2321 776 2396 τριῶν
798 2315 949 2397 παρῆλθε
972 2311 1142 2395 διάστημα,
1217 2308 1298 2397 ᾤετο
1327 2311 1531 2397 καθαρεύειν

222 2417 282 2473 τοῦ
313 2409 480 2493 δαίμονος,
548 2416 607 2471 τοῦ
639 2407 772 2482 πάθους
803 2407 1095 2492 ὑπολωφήσαντος.
1177 2405 1232 2472 καὶ
1264 2408 1306 2491 δή
1342 2419 1531 2494 σωφρονῶν

221 2516 400 2589 προσεῖπεν
423 2501 485 2581 &M
507 2515 576 2581 τοῖς
599 2503 821 2588 φυλάσσουσι,
898 2503 950 2570 καὶ
975 2503 1093 2581 λυθεὶς
1115 2513 1175 2570 τοῦ
1199 2506 1324 2589 δεσμοῦ
1349 2510 1529 2590 κατεκλίθη

221 2605 334 2689 πράως
362 2601 417 2668 καὶ
446 2603 681 2667 κατεπαύσατο.
763 2600 838 2687 περὶ
868 2599 905 2667 δέ
939 2601 1040 2687 μέσας
1074 2604 1196 2678 νύκτας
1231 2604 1308 2679 ὄψις
1337 2604 1427 2691 αὐτῷ
1457 2605 1530 2669 δια-

222 2702 390 2766 δείκνυται
449 2701 560 2765 τοιάδε
584 2698 803 2783 ἀγγέλλουσα·
861 2701 945 2787 πρὸς
967 2701 1027 2766 τὸν
1054 2700 1228 2786 εὐκτήριον
1252 2695 1346 2767 οἶκον
1369 2710 1427 2784 τῆς
1448 2707 1530 2768 Θεο-

187 2826 213 2865 10
222 2801 364 2885 μήτορος
387 2798 466 2880 ίεσο,
557 2798 648 2873 ὅστις
677 2805 735 2879 τῆς
759 2795 891 2873 Ἐλαίας
920 2798 1213 2882 προσονομάζεται·
1309 2799 1430 2864 αὐτόθι
1452 2800 1529 2885 γάρ,

223 2899 336 2980 φησίν,
361 2896 484 2980 ίαθήση
508 2903 568 2960 τοῦ
591 2893 771 2980 πτώματος.
835 2896 880 2971 ὡς
903 2892 940 2960 δέ
962 2893 1067 2979 ήμέρα
1092 2895 1221 2978 ἐγένετο
1284 2895 1340 2962 καὶ
1361 2897 1424 2980 τήν
1441 2902 1530 2961 θεω-

221 2996 299 3079 ρίαν
322 2995 426 3058 ελπεῖν
457 2992 690 3077 ἀπετόλμησεν,
771 2992 836 3058 ὑπὸ
867 3004 934 3056 τῶν
963 2991 1179 3058 ἀκουσάντων
1207 2994 1307 3078 ήχθη,
1337 2992 1393 3058 καὶ
1422 2996 1530 3078 μόνον
1598 3059 1601 3064 ,

222 3090 320 3175 ἐπέβη
348 3099 405 3173 τῆς
432 3100 492 3155 τοῦ
520 3092 584 3156 νεὼ
612 3092 785 3176 κρηπῖδος,
812 3090 1071 3177 ἀνεστρεβλοῦτο
1098 3091 1136 3155 τὸ
1168 3102 1262 3176 σῶμα
1290 3094 1440 3157 καθόλου
1473 3089 1528 3156 καὶ

219 3192 342 3254 κλόνον
363 3187 527 3272 ὑφίστατο
550 3191 674 3271 βίαιον·
734 3184 803 3253 εἶτα
827 3190 945 3254 λοιπὸν
968 3187 1101 3273 ἀσήμως
1125 3187 1279 3273 ἐκώκυεν,
1342 3187 1397 3254 καὶ
1420 3190 1528 3254 πολλά

185 3313 211 3356 15
220 3299 289 3362 τοῖς
319 3289 470 3370 κατόχοις
492 3285 695 3369 ἐνοχληθείς,
718 3285 810 3363 τέλος
840 3288 886 3361 εἰς
915 3287 1085 3370 τοῦδαφος
1170 3288 1362 3351 καταπίπτει
1390 3289 1528 3372 πρηνής,

220 3386 354 3470 άφωνος
368 3383 425 3449 ε’πί
435 3408 527 3460 τινας
537 3382 659 3470 ἡμέρας
673 3387 858 3468 γενόμενος.
895 3385 961 3468 ἀμα
976 3380 1013 3449 δέ
1028 3392 1073 3470 τῳ
1089 3395 1286 3450 καταπεσεῖν
1300 3383 1403 3449 αὐτόν
1417 3384 1527 3469 ὥσπερ

219 3479 259 3561 ὗς
281 3489 390 3569 πληγῆ
413 3507 480 3547 τινι
503 3492 542 3567 τῆ
565 3479 706 3559 ἐξετάσει
729 3491 789 3546 τοῦ
812 3481 978 3568 μάρτυρος
1067 3483 1107 3547 τά
1130 3483 1233 3568 μιαρά
1267 3481 1376 3548 ε’κεῑνα
1403 3480 1528 3567 ἐφυγα-

221 3581 327 3663 δεύθη
351 3582 517 3665 δαιμόνια,
592 3589 722 3644 καπνοῦ
741 3581 929 3664 φαντασίαν
951 3589 991 3664 τῆ
1016 3578 1119 3667 ἐξόδῳ
1143 3580 1225 3645 κατά
1248 3581 1307 3646 τὸν
1331 3578 1411 3666 ἀέρα
1432 3581 1528 3662 ποιή-

220 3692 333 3740 σαντα.
392 3676 446 3742 καὶ
470 3676 577 3752 οὕτως
599 3675 726 3742 τέλειον
749 3677 961 3761 ἐθεραπεύθη
984 3685 1044 3741 τοῦ
1066 3678 1199 3754 πάθους
1217 3676 1235 3742 ό
1258 3679 1427 3762 δαιμονῶν
1446 3679 1528 3753 δούς

188 3770 325 3850 εοδόξαν
347 3782 393 3861 τῷ
416 3776 472 3839 διά
495 3783 557 3840 τοῦ
578 3773 677 3857 ἀγίου
700 3776 760 3858 τήν
785 3780 874 3838 ίασιν
893 3773 1115 3858 ἐνεργήσαντι.
1173 3778 1288 3859 μείνας
1311 3772 1348 3840 δέ
1371 3778 1528 3850 πλείστας

232 4036 234 4040 v
309 3973 343 4020 22
362 3964 645 4036 καλ-τρέψομαιΑ
673 3965 798 4037 ἐλθωμεν
819 3977 875 4023 τῶν
897 3967 1054 4037 θάυμάτων
1072 3968 1102 4021 Μ
1124 3971 1134 4038 ΙΙ
1158 3973 1231 4037 11,2
1254 3967 1333 4038 τιμία
1351 3968 1399 4023 καλ
1424 3966 1528 4038 ροεύτΙ

220 4049 284 4103 add.
304 4048 334 4101 M
350 4051 354 4117 Ι
370 4054 386 4100 3
405 4046 526 4118 ῆβούλου
544 4047 574 4100 Μ
589 4050 593 4116 Ι
610 4053 626 4101 5
644 4045 722 4118 τίμιοι
740 4050 807 4118 post
824 4048 859 4102 σὰ
878 4049 983 4103 addM
998 4050 1002 4120 Ι
1018 4049 1069 4118 τήν
1087 4049 1237 4104 τοῦτωνΜ
1252 4051 1257 4119 Ι
1274 4054 1290 4102 6
1306 4047 1524 4120 ἀυτομάτωςΜΙ

221 4136 252 4183 11
278 4126 406 4191 ἐκκλίνας
429 4144 482 4182 om.
504 4128 528 4180 A
563 4125 673 4190 εκλίνας
695 4129 724 4182 Μ
748 4131 752 4198 Ι
777 4129 845 4186 ἰδὼν
871 4129 940 4199 όναρ
966 4129 1060 4202 βλέπει
1082 4128 1108 4181 A
1133 4130 1137 4199 Ι
1169 4127 1334 4198 θεράποντα
1355 4130 1422 4199 post
1443 4126 1527 4198 ἀγιον

220 4210 284 4264 add.
304 4210 333 4263 M
358 4212 362 4279 Ι
388 4209 463 4262 ἀυτῶ
481 4210 545 4277 post
563 4205 677 4279 λέγοντα
697 4209 762 4262 add.
777 4211 807 4263 M
831 4213 835 4278 Ι
861 4211 960 4279 μικρὸν
981 4212 1047 4280 post
1069 4204 1150 4272 οὗτος
1173 4210 1237 4264 add.
1257 4209 1287 4262 M
1311 4211 1316 4279 Ι
1342 4215 1375 4263 12
1393 4207 1482 4262 τούτω
1501 4208 1527 4261 Α

220 4299 301 4345 τοῦτο
320 4289 349 4342 Μ
367 4291 370 4358 Ι
387 4288 471 4359 ὤχετο
490 4288 587 4344 λαθών
606 4288 635 4341 Μ
653 4291 662 4359 ΙΙ
683 4293 724 4357 12,
740 4296 756 4343 2
775 4289 908 4361 υπάρχων
925 4292 990 4360 post
1008 4288 1058 4358 μὲν
1078 4290 1141 4344 εδδ.
1161 4290 1191 4343 Μ
1207 4292 1211 4360 Ι
1227 4288 1258 4344 δὲ
1277 4306 1331 4346 om.
1349 4290 1375 4343 A
1395 4291 1399 4360 Ι
1419 4289 1451 4344 τὸ
1470 4297 1527 4344 τῶν

222 4372 398 4441 βλαγχερνῶν
408 4368 438 4421 Μ
454 4372 458 4438 Ι
475 4368 552 4438 3τῆν
561 4386 614 4423 om.
625 4369 654 4422 Μ
670 4371 674 4439 Ι
689 4367 990 4439 4προαισθομένωνΜ
1006 4371 1010 4437 Ι
1027 4371 1167 4440 όγεγονός
1185 4370 1240 4425 ὐπὸ
1259 4389 1324 4439 παρ.
1335 4369 1365 4423 Μ
1380 4372 1384 4441 Ι
1401 4369 1526 4442 όρῶνΑΙ
1621 4409 1626 4455 Ι

219 4459 304 4517 τριῶν
323 4467 375 4503 om.
396 4449 440 4518 ΑΙ
462 4454 478 4502 8
498 4449 675 4505 ανέπαύσατο
694 4449 724 4502 Μ
745 4455 749 4520 Ι
771 4457 786 4505 9
805 4446 1002 4519 διαγγέλλουσα
1021 4449 1050 4502 Μ
1071 4452 1075 4519 Ι
1097 4454 1130 4504 10
1149 4449 1206 4505 ΐεσο
1225 4450 1255 4503 Μ
1274 4449 1337 4505 είτω
1355 4450 1381 4503 Α
1401 4452 1406 4520 Ι
1427 4449 1527 4506 ἐπονο-
1626 4456 1633 4472 “

220 4529 334 4599 μάζεται
352 4529 382 4582 Μ
407 4533 411 4598 Ι
438 4535 469 4583 11
490 4528 601 4599 κάθήση
621 4530 650 4583 Μ
674 4532 678 4599 Ι
702 4536 734 4584 13
753 4528 878 4585 καθόλου
901 4529 931 4582 τό
951 4538 1027 4599 σῶμα
1045 4529 1075 4582 Μ
1097 4532 1101 4598 Ι
1123 4534 1156 4582 16
1178 4527 1284 4598 ἡμέρας
1305 4550 1385 4592 τινας
1402 4531 1432 4583 Μ
1459 4528 1526 4600 ῆμέ-

220 4630 271 4679 ρας
288 4610 314 4663 Α
334 4613 338 4678 Ι
358 4611 389 4664 τό
409 4609 492 4680 ΑΜΙ
518 4616 551 4663 17
570 4608 692 4675 ἐξετάσει
709 4613 773 4680 post
790 4608 928 4678 μάρτυρος
946 4609 976 4662 Μ
1000 4611 1004 4680 Ι
1030 4609 1189 4680 ἐφυγαδεύη
1209 4609 1238 4661 Μ
1264 4613 1268 4680 Ι
1290 4616 1322 4665 19
1341 4609 1525 4685 ἐθεραπεύθη

219 4688 312 4749 τέλεον
328 4691 359 4763 Μ
375 4694 380 4766 Ι
396 4697 430 4745 20
449 4691 603 4780 εργήσαντι1
614 4692 644 4744 Μ
