3294 5190
592 338 629 392 ad
647 337 840 393 laudationem
859 339 1045 408 Therapontis
1412 344 1475 408 119

258 501 365 565 Pauca
387 504 518 583 restant,
543 524 623 584 quae
646 501 687 565 ad
710 502 855 588 singulos
878 502 966 568 Ιοοοε
990 504 1196 568 adnotentur:

261 600 310 681 11,
327 599 368 662 10
396 597 450 663 καλ
478 601 561 685 πρὸς
589 599 768 686 ὀλιγωρίαν
795 598 850 664 καλ
883 603 984 666 ὄκνον
1013 600 1176 686 ἐκκλίνας]
1209 602 1248 666 of.
1275 600 1475 686 Sophronius

169 697 240 760 mir.
255 697 298 760 32
321 720 352 781 p.
368 695 499 761 352902
522 698 606 783 πρὸς
628 700 877 783 καταφρόνησιν
900 696 954 763 καὶ
979 698 1150 785 ῥαθυμίαν
1174 699 1389 777 ἐκκλίναντες.

261 795 345 877 16,9
369 795 435 859 ὑπὸ
459 803 518 859 τοῦ
537 798 726 881 πρόσμονός
744 820 821 879 μου,
844 799 958 880 φησίν,
982 796 1079 884 ἐλαίῳ
1099 796 1292 882 ἀλείφθητι]
1316 800 1476 883 πρόσμαν

169 892 253 956 idem
277 892 363 956 valet
386 896 482 976 atque
504 895 749 978 προσμονοίριος
769 890 826 979 (=
841 894 1085 978 mansionariu5‚
1109 895 1259 959 eeclesiae
1282 899 1399 978 eustosy
1422 896 1476 961 Du

170 988 300 1077 Gange),
308 1013 337 1054 v.
345 990 564 1075 menologium
578 990 777 1055 Basilienum
789 989 842 1077 (ef.
852 1014 883 1074 p.
895 991 968 1078 104,
978 990 1013 1080 2)
1028 992 1048 1056 l.
1064 1015 1101 1057 με
1116 992 1335 1077 ἐμφανισθεὶς
1349 993 1366 1058 ὁ
1382 994 1476 1076 ἅγιος

169 1085 360 1174 (Θεράπων)
388 1097 432 1173 τῷ
456 1090 690 1174 προσμοναρίῳ
719 1088 822 1153 αὐτοῦ
851 1083 943 1154 εἶπεν
971 1089 1058 1176 αὐτῷ
1087 1095 1154 1155 κτλ.
1196 1091 1235 1154 ef.
1258 1112 1377 1155 nomen
1403 1113 1476 1174 pro·

168 1184 275 1266 prium
299 1186 457 1271 Πόρμων,
476 1185 702 1250 Fiek-Beohtel
721 1185 774 1251 Gr.
793 1185 1074 1251 Personennamen
1096 1210 1126 1270 p.
1146 1185 1219 1251 205.
1253 1187 1475 1252 Knumbaoher

168 1285 293 1347 confert
317 1283 441 1347 όιοίκονν
463 1306 523 1367 pro
547 1284 716 1366 διάκονος,
745 1285 877 1370 Πίνὸαρ
905 1307 964 1368 pro
993 1286 1173 1370 Πίνδαρος.
1218 1284 1350 1349 Valides
1383 1286 1475 1350 disei-

166 1380 262 1465 pulus
286 1380 354 1444 eius
378 1380 543 1446 adnotavit
567 1379 704 1445 Graecos
728 1386 856 1446 nostrae
879 1383 994 1446 aetatis
1017 1382 1194 1447 ineruditos
1221 1382 1348 1467 ἐπίμων
1371 1383 1474 1448 dicere

167 1501 225 1560 pro
250 1476 413 1562 ἐπίμονος.
451 1478 490 1542 ef.
508 1477 738 1562 Krumbeoher‚
761 1479 877 1544 Kuhns
900 1479 1054 1545 Zeitsehr.
1074 1481 1115 1543 27
1136 1478 1263 1567 (1885),
1278 1478 1352 1546 538.

258 1575 343 1658 17,3
367 1578 476 1663 ὥσπερ
504 1579 606 1663 κόλλῃ
634 1600 701 1642 τινι
725 1578 992 1662 σνμπεφνκνίας]
1021 1580 1059 1642 ef.
1085 1576 1241 1661 Sophron.
1266 1578 1320 1661 46,
1335 1578 1472 1643 359613:

167 1674 211 1749 ὡς
234 1672 299 1738 ἀπὸ
324 1671 445 1759 κόλλης
467 1675 559 1750 τινὸς
581 1673 821 1761 προσηλωμένα
843 1677 883 1739 τὰ
906 1674 1065 1759 βλέφαρα.

257 1770 333 1853 19‚5
353 1769 550 1857 ἐξκουβίτονρ
565 1772 691 1856 ὑπῆρχε
709 1773 746 1837 τὸ
767 1773 964 1858 στράτευμα]
980 1773 1165 1858 στράτευμα
1180 1806 1222 1826 =
1232 1774 1473 1839 ‘Militiriseher

165 1867 301 1950 Dienst'‚
325 1868 554 1933 Krumbaeher.
578 1870 777 1954 στροίταγμα,
797 1869 883 1953 quod
900 1869 1032 1952 praebet
1051 1869 1089 1953 A,
1109 1893 1204 1953 quem
1223 1872 1317 1937 faeile
1340 1895 1357 1936 e
1377 1873 1473 1959 στροί·

166 1989 268 2049 τενμα
290 1966 389 2029 fluere
411 1967 561 2050 potuerit,
585 1988 624 2030 ex
647 1968 726 2050 ipsis
750 1967 867 2030 codicis
890 1966 925 2030 M
947 1966 1065 2031 litteris
1090 1967 1201 2032 elucet.

256 2061 342 2145 25,6
366 2064 494 2148 μακρὸν
517 2063 558 2129 ἂν
587 2071 636 2147 είη
659 2066 741 2130 κατὰ
764 2065 823 2129 τὸν
845 2062 994 2150 παρόντα
1022 2065 1142 2151 καιρὸν
1169 2067 1408 2151 διηγήσασθαι]
1432 2069 1471 2133 of.

167 2158 280 2244 Sophr.
299 2159 351 2243 51,
366 2159 504 2225 3616A:
527 2164 654 2246 μακρὸν
677 2161 719 2228 ἂν
743 2168 792 2245 είη
815 2159 890 2227 καθ’
919 2163 956 2226 ἓν
979 2163 1212 2245 διηγήσασθαι.

254 2259 306 2341 27,
323 2260 364 2323 12
387 2259 446 2323 τὸν
469 2261 637 2325 ἄπλαστον
660 2261 721 2343 τὴν
747 2259 879 2344 κακίαν]
907 2259 1153 2344 Exspectaveris
1181 2261 1285 2325 inesse
1308 2262 1472 2346 ‘improbi-

166 2359 233 2420 tate
255 2378 321 2420 non
344 2357 515 2423 affeetum'.
554 2356 636 2422 Sunt
659 2362 767 2423 tamen
790 2380 871 2441 quae
895 2358 1036 2423 obstent:
1060 2359 1125 2424 sint
1148 2359 1204 2423 alii
1227 2358 1394 2425 feliciores.
