3294 5190
629 321 671 374 De
690 321 870 376 incubatione
890 322 1052 378 christiana.
1453 334 1492 396 71

190 480 228 546 ἐν
250 479 346 546 νυκτὶ
369 481 527 566 λέγουσιν
546 485 575 568 3,
595 486 669 550 322.
706 488 884 569 φαίνονται
903 486 941 551 ἐν
958 491 1058 551 νυκτί
1073 490 1104 573 6,
1123 490 1197 556 336.
1234 491 1393 575 φανέντες
1412 495 1495 582 αὐτῃ

188 578 224 644 ἐν
248 578 388 667 ὀπτασίᾳ
412 583 494 646 κατά
517 584 554 647 τὸ
578 583 725 666 σύνηθες
748 583 861 660 αὐτοῖς
884 586 1148 671 προστάττουσιν
1171 589 1254 675 αὐτῇ
1278 598 1345 657 κτλ.
1371 596 1399 676 8,
1416 594 1490 659 344.

185 676 334 762 Paganus
368 679 498 762 quidam
529 681 675 746 obsecrat
702 680 810 746 lesum
838 680 1002 746 Christum
1035 682 1171 761 ἀξιῶσαι
1202 688 1304 753 αὐτὸν
1336 688 1494 768 ὀπτασίας

186 776 276 852 τινὸς
299 825 306 841 .
331 825 338 841 .
362 827 369 841 .
393 779 548 862 εἰσῆλθεν
572 781 618 855 εἰς
641 780 700 844 τὸν
724 781 868 844 εἰωθότα
891 782 994 845 τόπον
1017 791 1077 846 τοῦ
1105 781 1287 866 ἀγαγόντος
1315 786 1418 852 αὐτὸν
1442 787 1493 853 ἐν-

185 881 296 939 ταῦθα
320 878 422 958 φίλου
446 877 559 960 αὐτοῦ,
584 876 620 941 ἐν
643 868 670 964 ᾦ
693 879 775 942 κατά
796 878 1009 962 παρασκευὴν
1031 876 1085 943 καὶ
1093 877 1117 966 1)
1143 879 1323 947 ἐκάθευδεν
1349 884 1399 969 10,
1418 885 1492 950 358.

184 972 362 1037 καθεύδων
385 972 421 1038 ἐν
444 983 490 1061 τῷ
514 978 655 1057 συνήθει
684 977 774 1061 τόπφ
801 983 862 1040 τοῦ
890 978 1129 1061 βαπτιστηρίου
1154 1027 1161 1041 .
1184 1028 1191 1042 .
1216 1030 1221 1042 .
1246 979 1431 1067 τεθέαταιέ)
1456 983 1492 1048 ἐν

184 1067 325 1156 ὀπτασίᾳ
349 1071 390 1134 ib.
411 1070 484 1135 360.
508 1071 544 1136 ἐν
567 1070 703 1159 ταύτῃῧ)
727 1081 766 1157 τῃ
790 1071 929 1159 ὀπτασίᾳ
957 1072 1117 1157 φανέντες
1140 1074 1228 1163 αὐτῷ
1253 1126 1261 1141 .
1285 1128 1291 1140 .
1316 1128 1322 1142 .
1347 1080 1382 1142 οί
1402 1080 1491 1163 άγιοι

186 1167 227 1229 ib.
248 1168 321 1231 362.
351 1169 387 1232 ἐν
416 1167 520 1255 ἑαυτῷ
549 1167 585 1234 δὲ
618 1170 698 1253 μετά
726 1171 785 1234 τὸν
817 1170 926 1235 ύπνον
960 1173 1139 1254 γενόμενος
1167 1173 1185 1238 ὁ
1216 1174 1277 1256 την
1309 1176 1490 1265 φοβεράν4)

184 1264 345 1330 ὀπτασίαν
360 1264 483 1349 Ἕλλην
506 1264 745 1352 θεασάμενοςῧ)
768 1265 824 1331 καὶ
842 1269 976 1332 πάντων
1000 1260 1048 1332 ὧν
1068 1270 1139 1334 ίόεν
1158 1268 1212 1334 καὶ
1230 1272 1405 1360 ἤκουσενθ)
1425 1275 1490 1340 ὑπὸ

182 1374 249 1426 τῶν
272 1362 378 1445 ἁγίων
401 1368 563 1447 μνησθείς
585 1370 653 1429 κτλ.
678 1366 719 1428 ib.
740 1365 814 1428 364.
838 1364 1027 1442 ἐπιστάντες
1050 1366 1139 1454 αὐτῷ
1162 1378 1201 1452 τῃ
1228 1368 1365 1456 ἐπιούσῃ
1394 1376 1493 1438 νυκτί

185 1461 234 1543 11,
253 1460 327 1523 370.
358 1460 596 1546 ἐπιλαβομένης
619 1463 682 1548 γὰρ
707 1464 827 1538 νυκτὸς
851 1461 1040 1539 ἐπιστάντες
1062 1475 1102 1549 τῃ
1125 1468 1221 1551 κλίνῃ
1250 1467 1351 1550 αὐτῆς
1375 1468 1488 1553 λέγου-

182 1574 238 1621 σιν
262 1609 268 1621 .
293 1609 299 1622 .
324 1608 331 1622 .
354 1559 439 1641 νυνι)
463 1560 543 1644 μετὰ
567 1560 626 1624 τὸν
653 1560 761 1625 ύπνον
791 1559 959 1625 ἀναστᾶσα
983 1610 989 1624 .
1014 1611 1021 1624 .
1044 1611 1051 1624 .
1075 1562 1255 1646 φθασάσης
1284 1566 1347 1651 γάρ
1378 1564 1488 1653 ἐτέρας

181 1657 300 1732 νυκτὸς
323 1656 513 1734 ἐπιστάντες
537 1659 573 1722 oi
592 1667 652 1722 τοῦ
676 1663 823 1744 Χριστοῦ
846 1658 1103 1743 θεράποντες..
1123 1670 1206 1743 ,τῆς
1228 1658 1265 1726 δὲ
1289 1661 1325 1727 ἐν
1349 1662 1489 1752 ὀπτασίᾳ

181 1752 431 1839 ὀσφρανθείσης
459 1761 526 1821 κτλ.
553 1755 603 1838 16,
622 1756 688 1819 404
698 1778 766 1839 sqq.
814 1759 992 1839 φαίνονται
1020 1757 1109 1844 αὐτῷ
1138 1757 1174 1823 ἐν
1201 1759 1297 1824 νυκτὶ
1325 1763 1420 1827 κατά
1447 1764 1489 1828 τὸ

180 1852 327 1928 εἰωθὸς
349 1853 464 1930 αὐτοῖς
490 1855 539 1938 18,
558 1854 633 1917 440.
658 1853 873 1930 ἐπιστάντες.
895 1905 900 1917 .
920 1903 927 1918 .
946 1855 982 1918 oi
1002 1855 1090 1936 άγιοι
1114 1853 1190 1920 καθ’
1219 1857 1327 1923 ὕπνον
1346 1860 1398 1944 23,
1413 1860 1486 1926 474.

181 1947 371 2027 ἐπιστάντες
395 1951 477 2037 αὐτῇ
501 1951 537 2016 ἐκ
561 1950 720 2037 ὀευτέρου
743 1960 782 2036 τῃ
811 1951 949 2036 ἐπιούσῃ
973 1956 1072 2016 νυκτί
1093 1952 1145 2037 27,
1165 1951 1239 2018 504.
1272 1955 1366 2043 ύπνφ
1395 1981 1486 2023 κατε-

177 2046 310 2130 νεχθεὶς
333 2055 458 2133 θεωρεῖ
478 2052 557 2126 τοὺς
580 2049 697 2132 ἁγίους
721 2048 751 2136 (e
775 2049 843 2113 cod.
862 2046 1026 2134 vindob).

265 2153 465 2239 ἐφίστασθαι
489 2160 645 2241 martyres
669 2155 795 2239 saepius
815 2155 965 2220 dicuntur
989 2153 1041 2242 (cf.
1061 2180 1158 2241 supra
1176 2183 1206 2242 p.
1228 2157 1299 2245 ll):
1323 2162 1485 2244 μηδεμιᾶς

178 2251 405 2329 ἐπιστασίας
432 2254 522 2341 αὐτῷ
546 2304 553 2319 .
577 2304 584 2318 .
608 2303 615 2317 .
643 2252 823 2337 γενομένης
848 2254 876 2337 1,
895 2253 969 2317 306.
1009 2267 1076 2319 τῶν
1104 2252 1141 2320 ol
1174 2256 1280 2338 άγίων
1303 2307 1310 2321 .
1334 2307 1341 2321 .
1365 2307 1372 2321 .
1396 2259 1486 2346 αὐτῷ

176 2349 418 2416 ἐπιστάντων
443 2352 578 2416 16312,
616 2350 845 2427 ἐπιστάντες
869 2350 951 2436 αύτῃ
979 2353 1009 2435 2,
1029 2353 1104 2418 316.
1150 2355 1270 2431 οἵτινες
1297 2360 1485 2438 φαντασίαν

176 2445 281 2532 φασὶν
303 2447 358 2512 καὶ
382 2448 443 2515 οὐκ
467 2449 699 2514 ἐπιστασίαν
722 2460 788 2513 τῶν
812 2448 918 2532 ἁγίων
942 2448 1094 2532 λέγοντες
1117 2447 1203 2516 εἶναι
1227 2452 1269 2515 ib.
1290 2453 1365 2518 318.
1402 2453 1484 2519 ἐπι-

176 2547 337 2623 στάντες
374 2547 463 2635 αὐτῷ
501 2548 551 2632 11,
570 2548 644 2610 370,
681 2546 716 2612 ἐκ
748 2544 895 2634 τρίτουῖ)
935 2546 1164 2626 ἐπιστάντες
1203 2549 1292 2638 αὐτῷ
1327 2551 1368 2614 ib.
1402 2551 1484 2617 ε’πι-
1599 2610 1601 2614 .

176 2645 337 2720 στάντες
351 2655 390 2730 τῃ
404 2648 501 2731 κλίνῃ
519 2646 569 2728 16,
583 2645 657 2708 404.
678 2643 907 2721 ἐπιστάντες
926 2645 967 2708 ib.
978 2645 1053 2709 406.
1069 2646 1190 2730 άηόίαν
1212 2656 1252 2732 τῃ
1277 2647 1483 2736 ἐπιστασίᾳ

174 2741 284 2806 αὐτῶν
322 2741 505 2826 ἐκούφισαν
544 2743 598 2827 18,
617 2742 691 2807 440.
729 2741 959 2820 ἐπιστάντες
994 2754 1041 2831 τῷ
1080 2743 1182 2831 άνόρί
1216 2746 1268 2830 23,
1288 2746 1362 2810 474.
1401 2747 1483 2812 ἐπι-

176 2840 337 2916 στάντες
360 2840 442 2927 αύτῃ
467 2841 519 2924 27,
539 2840 613 2904 504.

261 2945 426 3011 Interdum
450 2949 553 3013 sancti
575 2970 642 3012 non
666 2949 728 3032 ipsi
757 2952 888 3035 aegroto
916 2949 1092 3012 remedium
1121 2950 1276 3033 indicant,
1305 2952 1360 3015 sed
1388 2953 1481 3017 alteri

172 3067 335 3128 personae,
359 3068 440 3128 quae
464 3046 498 3109 in
521 3047 633 3110 eodem
663 3046 785 3129 templo
814 3044 998 3131 dormiat⁸):
1026 3050 1204 3129 φαίνονται
1233 3047 1269 3112 ἐν
1296 3054 1407 3132 νυκτί,
1435 3051 1480 3115 οὐ

262 3300 287 3367 1)
306 3299 354 3352 καὶ
373 3316 426 3353 om.
446 3298 529 3353 Vind.
684 3302 710 3369 2)
729 3299 766 3360 ὡς
784 3297 891 3368 είρηται
911 3299 974 3352 add.
994 3298 1077 3353 Vind.
1259 3302 1285 3370 3)
1305 3301 1374 3372 αότῃ
1394 3301 1477 3356 Vind.

259 3391 286 3457 4)
304 3388 409 3457 ταύτην
428 3389 491 3442 add.
512 3388 595 3443 Vind.
829 3392 855 3457 5)
873 3387 1050 3456 θεασάμενος
1061 3386 1164 3458 Ἕλλην
1183 3389 1265 3444 Vind.

260 3481 286 3545 6)
306 3477 340 3531 cf.
365 3478 447 3532 Paus.
472 3478 511 3531 IX
530 3484 572 3545 39,
594 3484 633 3531 11.
672 3476 744 3531 Plut.
770 3478 805 3530 de
828 3494 891 3547 gen.
916 3477 990 3532 Socr.
1006 3483 1038 3531 21
1063 3497 1090 3547 p.
1106 3478 1198 3533 696Β.
1223 3480 1296 3534 Max.
1320 3479 1384 3548 Tyr.
1410 3480 1475 3534 diss.

173 3562 214 3625 14,
230 3565 253 3611 2.
273 3560 309 3627 (v.
324 3577 350 3627 p.
368 3561 420 3628 10.)

260 3652 286 3716 λ)
305 3646 390 3702 πάλιν
409 3649 473 3702 add.
493 3647 575 3702 Vind.

261 3740 288 3806 8)
308 3736 349 3789 Ex
372 3737 486 3791 iamatis
505 3736 665 3805 Epidauriis
690 3736 745 3790 huc
768 3736 892 3805 pertinet
918 3754 958 3790 nr.
979 3742 1013 3789 80
1037 3737 1049 3789 Ι
1073 3737 1159 3790 Baun.
1185 3765 1217 3783 =
1242 3744 1267 3805 2,
1285 3744 1369 3806 lsqq.
1394 3739 1474 3794 (λινε.

171 3816 308 3885 Exempla
322 3834 355 3870 ex
369 3817 503 3872 Aristidis
518 3816 693 3872 orationibus
708 3816 795 3870 sacris
810 3815 925 3887 collegit
939 3818 1093 3886 Baumgart
1107 3815 1204 3870 Aelius
1218 3816 1357 3871 Aristides
1371 3838 1398 3889 p.
1415 3826 1474 3874 100.

169 3896 385 3950 Commemorari
404 3898 458 3951 hoc
477 3898 538 3952 loco
557 3899 653 3968 potest
670 3896 790 3951 historia
808 3897 977 3951 miraculosa
995 3898 1030 3950 de
1048 3895 1182 3965 Phalysio
1206 3899 1235 3952 et
1253 3898 1349 3967 Anyto
1367 3915 1384 3952 a
1403 3899 1474 3953 Pau-

169 3975 249 4029 sania
268 3992 351 4045 opere
375 3981 499 4032 extremo
519 3978 612 4047 (X38‚
628 3980 671 4047 13)
695 3979 833 4031 enarrata.
871 3975 1020 4045 Phalysius
1044 3975 1218 4044 Naupactius
1242 3977 1330 4031 oculis
1353 3978 1472 4035 laborat.

169 4056 264 4124 Anyta
279 4056 415 4125 Epidauri
432 4057 554 4112 somniat
568 4075 597 4112 se
616 4057 700 4111 adeo
720 4074 783 4110 cum
802 4056 923 4126 epistola
937 4056 1051 4126 signata
1064 4055 1243 4126 Naupactum
1257 4057 1340 4112 mitti.
1371 4058 1474 4113 Statim

167 4135 370 4206 expergiscitur
384 4135 482 4206 (ὀπαρ
498 4136 592 4206 μέντοι
605 4131 645 4205 ἦν
665 4134 801 4205 αὐτίκα,
816 4137 850 4191 ci.
865 4136 945 4190 Pind.
962 4135 1004 4191 01.
1020 4135 1085 4188 XIII
1100 4141 1132 4188 66
1144 4154 1184 4204 sq.
1200 4137 1235 4191 de
1249 4138 1473 4208 Bellerophonte,

166 4216 215 4285 qui
235 4232 252 4269 a
271 4216 388 4285 Polyide
407 4217 530 4271 monitus
549 4219 584 4288 [v.
602 4218 646 4288 76]
670 4215 701 4270 in
723 4216 851 4270 Athenae
873 4215 995 4286 Hippiae
1020 4232 1069 4269 ara
1093 4215 1261 4271 dormiverat
1284 4217 1423 4272 Corinthi:
1444 4219 1472 4284 ἐξ

171 4293 282 4365 ὀνείρου
302 4293 330 4350 δ’
356 4295 478 4351 αὐτίκα
501 4290 541 4364 ἦν
563 4295 676 4365 ὕπαρ),
694 4295 724 4348 in
747 4295 877 4349 manibus
901 4296 989 4349 habet
1012 4294 1169 4364 epistolam.
1207 4297 1387 4366 Naupactum
1409 4316 1472 4367 pro-

165 4376 242 4431 fecta
261 4393 323 4430 eam
341 4376 475 4445 Phalysio
495 4376 596 4446 trecht,
620 4375 669 4444 qui
688 4375 769 4445 signo
792 4377 899 4430 remoto
923 4378 1038 4430 sanatus
1061 4375 1133 4446 legit
1156 4376 1211 4430 duo
1234 4377 1314 4430 milia
1337 4376 1391 4430 sibi
1415 4381 1471 4432 sta

167 4458 258 4511 terum
279 4456 511 4511 aureorum‘esse
537 4455 677 4510 solvenda.
714 4456 805 4509 Aliter
827 4455 1010 4509 iudicandum
1032 4458 1076 4510 eet
1098 4456 1133 4510 de
1160 4455 1294 4526 exemplis
1317 4457 1470 4512 AthenIen·

166 4536 244 4590 sibus
263 4540 308 4607 (ex
322 4534 474 4607 Ἀθηναίου
493 4540 513 4591 t.
528 4537 573 4607 V),
592 4553 664 4605 quae
683 4537 765 4590 notat
784 4535 884 4590 Girard
897 4534 1106 4606 L’Aeclepieion
1126 4534 1277 4590 d'Athenes
1296 4555 1322 4606 p.
1339 4542 1384 4606 ‘193
1405 4540 1471 4592 sunt

165 4615 240 4670 enim
265 4615 462 4687 inscriptiones
486 4616 595 4671 votivae
619 4632 691 4684 quae
709 4616 858 4669 formulam
886 4615 1020 4671 exhibent
1041 4614 1183 4685 ἀνέθηκεν
1206 4613 1275 4680 ὑπὲρ
1299 4620 1353 4670 κτλ.
1393 4616 1470 4681 Quae

166 4698 262 4749 tamen
285 4697 370 4751 verba
393 4715 449 4752 non
472 4695 683 4750 incubationem
705 4713 755 4766 pro
779 4696 868 4751 altero
891 4696 996 4751 factam
1019 4697 1211 4752 demonstrare
1237 4695 1307 4749 mihi
1330 4695 1468 4752 videntur.
