3294 5190
614 338 655 391 De
674 336 854 391 incubatione
873 334 1034 389 christiana.
1430 333 1471 398 75

257 501 484 567 subsistamus.
532 499 617 565 Satis
641 501 745 565 elucet
768 523 807 564 ex
830 500 890 581 his,
909 522 990 583 (quae
1013 498 1216 583 protulimus,
1241 503 1360 582 quanta
1379 500 1474 564 inter-

167 602 261 667 cedat
290 601 468 665 similitudo
497 600 581 665 inter
607 600 690 665 hanc
719 598 957 663 incubationem
986 597 1193 663 christianam
1221 601 1317 681 atque
1346 597 1474 661 incuba-

167 701 287 765 tionem
319 700 354 763 in
383 697 568 782 Aesculapii
596 697 725 782 templis
754 696 919 761 usitatam:
951 719 1018 760 non
1045 717 1147 779 pauca
1175 698 1262 776 sunt,
1292 717 1371 777 quae
1399 692 1476 777 Epi-

167 798 278 862 dauria
301 798 420 861 iamata
443 797 477 861 in
500 796 686 861 memoriam
715 798 843 877 vocent,
868 817 949 878 quae
975 816 1090 878 nempe
1114 792 1297 877 Aesculapii
1320 792 1476 876 θαύματα

166 896 327 963 nominari
359 899 503 980 possunt.
555 894 640 971 Quin
669 895 739 978 ipsa
770 891 903 958 Oosmae
938 896 969 956 et
1000 892 1151 956 Damiani
1183 891 1337 955 miracula
1365 890 1475 954 eodem

167 993 303 1059 consilio
333 994 418 1057 edita
446 1016 515 1058 esse
542 992 704 1076 ridentur,
734 1014 797 1074 quo
826 991 861 1055 in
888 988 1073 1073 Aesculapii
1100 990 1197 1055 sacris
1225 988 1401 1073 Epidaurio
1425 988 1476 1052 vel

166 1091 313 1156 Romano
347 1092 547 1155 curationum
581 1089 709 1154 tabulae
744 1086 1033 1173 exponebantur¹):
1068 1089 1108 1152 ad
1142 1087 1323 1172 augendum
1353 1086 1476 1150 scilieet

166 1212 336 1255 numerum
361 1212 479 1272 eorum,
504 1189 559 1273 qui
583 1212 640 1271 per
658 1209 806 1252 somnum
826 1187 1022 1251 curationem
1042 1189 1194 1269 peterent.
1237 1184 1392 1260 Quaeres
1412 1184 1475 1246 iam

168 1311 238 1352 eam
262 1289 301 1350 ab
326 1310 453 1352 causam
473 1286 658 1371 probabilis,
683 1286 758 1369 quia
777 1285 919 1349 diversae
938 1283 1166 1348 miraculorum
1186 1282 1282 1346 series
1301 1282 1395 1346 nobis
1415 1286 1476 1345 tra-

169 1388 302 1471 duntur3
317 1390 382 1450 tres
398 1385 528 1451 exhibet
543 1383 819 1469 Wangnereckius
839 1406 854 1446 e
874 1382 982 1447 codice
997 1381 1155 1446 Vaticano
1171 1380 1272 1444 editas
1287 1402 1316 1463 p.
1332 1379 1397 1443 302
1408 1402 1475 1462 sqq.

167 1486 234 1549 45⁶2
242 1507 310 1568 sqq.
334 1484 488 1568 518sqq,
512 1506 648 1568 quarum
676 1481 791 1565 cuique
815 1481 924 1545 brevia
951 1481 990 1544 de
1014 1482 1196 1544 sanctorum
1221 1478 1367 1562 potentia
1389 1499 1477 1560 prae-

169 1582 287 1649 cedunt
311 1583 482 1667 prooemia.
520 1582 618 1646 Plura
641 1583 765 1645 exstare
789 1584 914 1663 praeter
938 1602 982 1661 ea,
1006 1600 1087 1662 quae
1110 1576 1201 1642 Actis
1225 1580 1408 1642 sanctorum
1432 1577 1477 1639 in·

169 1684 261 1764 sunt,
292 1681 392 1745 codex
415 1679 675 1745 Vindobonensis
703 1679 914 1760 demonstrat,
942 1677 981 1742 cf.
1004 1701 1034 1760 p.
1054 1678 1106 1758 69,
1121 1678 1150 1741 2.
1195 1674 1260 1740 Ubi
1290 1675 1322 1739 id
1350 1697 1478 1758 quoque

169 1779 407 1859 attendendum,
431 1779 517 1862 quod
539 1777 695 1842 miracula
718 1777 752 1842 in
774 1777 836 1842 hoc
860 1776 968 1840 codice
992 1778 1117 1840 servata
1135 1774 1253 1858 partim
1278 1773 1317 1837 ad
1340 1772 1476 1856 primam

168 1877 287 1960 partim
311 1876 351 1941 ad
374 1876 506 1940 alteram
530 1875 680 1940 Vaticani
704 1874 823 1940 codicis
847 1874 960 1939 seriem
983 1873 1158 1956 pertinent:
1183 1893 1307 1955 quaer
1331 1893 1364 1934 re
1383 1892 1478 1953 appa-

168 1978 227 2058 ret,
250 1976 411 2058 quomodo
435 1975 514 2039 haec
537 1975 728 2039 documenta
751 1974 835 2037 inter
858 1994 890 2036 se
915 1971 1160 2036 confundantur.
1197 1968 1271 2052 Ipsa
1294 1992 1369 2033 vero
1393 1968 1478 2031 litte·

170 2095 276 2138 rarum
301 2072 429 2137 illarum
456 2075 571 2136 natura
594 2076 690 2156 atque
713 2070 836 2136 indoles
861 2071 958 2134 etiam
981 2069 1084 2154 magis
1107 2067 1265 2150 clarescit,
1294 2089 1366 2131 cum
1396 2065 1478 2150 legis

171 2193 252 2256 quae
280 2171 313 2234 in
344 2172 407 2236 fine
431 2170 578 2235 miraculi
602 2171 707 2254 quinti
735 2194 765 2254 p.
785 2170 850 2234 334
879 2172 1018 2233 exstant:
1041 2167 1270 2252 μανθάνοντες
1297 2168 1424 2247 τοίνυν,
1452 2159 1478 2227 ὦ

172 2272 392 2354 φιλόχριστοι,
416 2269 498 2354 ἅπερ
522 2269 717 2352 ἠπίστασθε,
740 2266 825 2333 τοῦτ’
856 2270 947 2331 ἔστιν
970 2268 1027 2342 τὰς
1054 2277 1121 2331 τῶν
1148 2264 1252 2347 ἁγίων
1280 2266 1397 2346 Κοομᾶ
1424 2259 1479 2326 καὶ

171 2373 348 2451 Λαμιανοῦ
378 2366 580 2453 εὐεργεσίας,
609 2359 657 2432 ὧν
685 2367 720 2431 oi
749 2368 898 2442 πλείονες
931 2363 967 2429 ἐν
994 2363 1175 2431 ἀπολαύσει
1206 2364 1403 2449 γεγόναμεν,
1430 2359 1478 2447 μὴ

169 2533 209 2540 μ..-

262 2637 288 2702 1)
309 2634 388 2698 Quod
407 2633 437 2687 in
456 2634 610 2704 Asclepieis
629 2635 686 2688 fere
705 2635 811 2688 factum
830 2650 891 2687 esse
910 2633 1005 2687 videas
1025 2650 1040 2687 e
1058 2633 1193 2687 Passieno
1213 2651 1248 2688 ss.
1270 2634 1409 2698 Quattuor
1428 2631 1479 2686 Co-

172 2716 342 2782 ronatorum,
362 2714 411 2768 ubi
431 2715 465 2768 de
486 2713 661 2769 Diocletiano
680 2715 848 2784 imperatore
868 2713 999 2767 dicuntur
1013 2715 1095 2768 haec:
1115 2719 1159 2780 „et
1171 2715 1265 2768 statim
1280 2714 1361 2768 iussit
1378 2714 1410 2766 in
1428 2719 1478 2767 ter·

171 2812 230 2849 mas
251 2795 390 2848 Traianus
409 2797 537 2863 terrrplara
555 2795 678 2863 Asclepii
696 2794 838 2863 aedificari
855 2801 880 2848 et
895 2795 1073 2849 sirsatocram
1087 2795 1149 2862 lieri
1162 2811 1195 2848 ac
1210 2793 1302 2862 lupide
1313 2794 1478 2862 proconisso.

171 2875 244 2944 qaod
263 2892 323 2928 cara
341 2876 446 2941 factura
463 2877 570 2942 suisset,
589 2877 727 2943 praecepit
744 2892 852 2929 erueres
870 2893 969 2929 curas
993 2877 1029 2929 ίν
1052 2877 1159 2929 eodem
1184 2877 1302 2943 templo
1326 2877 1361 2928 in
1380 2891 1478 2943 prae·

172 2955 292 3010 conius
310 2954 338 3024 (i.
354 2971 377 3008 e.
395 2955 519 3008 ‘tabulas
533 2954 646 3024 publice
665 2972 682 3007 a
699 2971 837 3023 praecone
856 2955 1054 3024 praepositas’,
1073 2955 1108 3008 de
1122 2954 1215 3024 Rossi)
1235 2973 1333 3010 aeneas
1356 2972 1417 3009 cara
1435 2973 1479 3010 eo·

173 3035 325 3089 aucteritas
343 3035 451 3104 irclipi‘ss
471 3034 728 3101 Sitzungebcrichte
748 3035 797 3087 der
815 3033 887 3089 Berl.
908 3034 998 3088 Akad.
1019 3034 1068 3088 der
1086 3033 1171 3088 Wiss.
1189 3040 1257 3088 1896
1272 3033 1420 3104 phil-hiet.
1436 3035 1479 3087 ΚΙ.

174 3135 201 3184 p.
219 3119 295 3167 1302.
316 3144 350 3153 —-
370 3114 411 3167 Do
429 3112 544 3167 iamatis
563 3113 724 3182 Epidauriis
743 3112 834 3166 habeo
854 3114 930 3181 quod
945 3114 1061 3168 addam:
1082 3115 1158 3183 apud
1172 3113 1342 3168 Carvadiam
1358 3113 1480 3167 Fouilles

174 3181 345 3263 d'lipidaure
364 3211 390 3261 p.
407 3198 439 3245 32
460 3193 512 3245 sub
531 3210 607 3245 num.
623 3199 664 3245 3u
683 3191 874 3261 inscriptionis
889 3193 1030 3247 invenitur
1044 3194 1242 3262 fragmentum,
1261 3193 1341 3247 cuius
1355 3210 1411 3247 non
1425 3192 1479 3245 nisi

172 3290 304 3329 versuum
322 3272 405 3326 initia
424 3274 489 3325 sunt
508 3274 625 3326 servata.
663 3271 790 3326 Adnotat
809 3270 963 3326 Cavvadias
983 3275 1047 3328 hoc:
1068 3275 1161 3341 „l'etit
1178 3276 1317 3346 srupment
1335 3273 1367 3328 de
1378 3275 1479 3343 pioque

172 3373 206 3409 ea
221 3355 312 3423 pierre
331 3353 447 3408 οοίοαίνα
471 3355 564 3407 trouve
587 3371 624 3406 αα
643 3352 725 3407 ridere
743 3351 851 3406 endroit
873 3371 923 3422 que
941 3356 978 3408 les
1000 3355 1179 3423 inscriptions
1202 3356 1245 3409 No
1263 3360 1289 3422 1,
1307 3358 1327 3408 2
1345 3361 1370 3409 et
1388 3358 1413 3408 3.
1451 3354 1481 3407 Il

171 3434 299 3506 proniora
317 3433 399 3487 d’ane
418 3431 464 3487 des
481 3434 558 3488 otides
576 3432 623 3487 des
639 3433 796 3504 quiriacam
815 3435 885 3487 nauis
904 3435 926 3487 il
948 3436 1136 3503 n’appcrtieat
1151 3452 1205 3503 pos
1228 3435 1340 3490 dociles
1363 3435 1409 3488 des
1428 3435 1481 3488 N⁰⁸

173 3521 188 3568 1
208 3519 269 3569 et2
291 3515 324 3567 νί
345 3513 428 3568 adme
450 3531 488 3568 aa
510 3515 648 3585 srapmerrt
666 3514 707 3567 No
731 3517 761 3580 3,
784 3531 883 3568 cerame
902 3531 1006 3582 procace
1029 3514 1187 3583 i'dpuisseur
1210 3515 1242 3569 de
1266 3516 1295 3569 ta
1315 3516 1412 3583 pierre.
1451 3515 1481 3568 Il

173 3595 331 3662 appartient
349 3595 367 3647 d
385 3612 439 3648 αντ
458 3595 607 3664 quatriduo
625 3595 658 3647 de
676 3610 717 3648 ces
734 3594 837 3648 stiles.“
873 3594 966 3649 Primo
986 3594 1087 3648 obtutu
1111 3594 1301 3665 desperaveris
1325 3593 1480 3662 quidquam

173 3691 206 3728 ex
225 3671 269 3725 his
283 3672 375 3727 ruinis
390 3674 450 3727 erui
465 3690 560 3743 posse;
579 3673 684 3728 nullius
699 3673 772 3728 enim
788 3690 881 3727 versus
896 3674 958 3743 plus
974 3692 1058 3742 quam
1069 3691 1117 3729 sex
1132 3677 1261 3729 servatae
1277 3677 1342 3728 sunt
1357 3673 1478 3729 litterae.

174 3755 278 3808 Tamen
299 3770 370 3821 quae
391 3773 413 3807 v.
429 3759 446 3806 4
465 3756 577 3808 exstant
597 3754 682 3809 verba
697 3755 777 3826 [τ]ῶν
796 3754 964 3826 δακτ[ύλων]
984 3754 1054 3807 mihi
1074 3755 1240 3809 miraculum
1260 3755 1410 3824 quoddam,
1430 3754 1479 3809 ubi

174 3835 208 3888 de
232 3833 330 3902 digitis
356 3833 458 3903 agitur,
482 3835 512 3888 in
535 3837 658 3889 mentem
676 3837 878 3889 revocaverunt
896 3838 939 3905 (59
955 3835 1033 3890 IIIB.
1050 3862 1082 3882 =
1103 3844 1125 3903 l,
1141 3843 1225 3903 disq.
1241 3835 1288 3905 0.).
1328 3835 1411 3900 Quod
1430 3835 1480 3888 ubi

174 3914 332 3968 accuratius
352 3930 414 3967 eum
433 3915 591 3983 fragmento
611 3920 652 3968 3u
670 3915 842 3984 comparavi,
862 3918 973 3985 praetor
992 3915 1155 3985 opinionem
1178 3915 1288 3969 litterae
1313 3915 1372 3969 eius
1396 3915 1480 3985 plane

175 4011 236 4047 cum
256 3992 292 4046 iis
312 3993 468 4047 consentire
488 3994 612 4064 cognovi,
634 3994 771 4062 aquibus
791 3993 820 4047 in
839 3994 931 4064 priore
950 3996 1050 4049 tabula
1073 4014 1177 4065 magna
1200 4013 1294 4050 versus
1315 4001 1418 4049 13-32
1438 3995 1479 4048 in-

174 4073 284 4141 cipiunt
306 4072 399 4141 (modo
422 4092 446 4129 v.
468 4081 500 4128 10
521 4078 539 4130 Κ
563 4092 613 4145 pro
639 4078 657 4130 Ρ
682 4075 753 4129 salse
777 4073 893 4145 legitur,
913 4094 936 4129 v.
959 4082 989 4128 ll
1015 4078 1036 4130 Λ
1059 4092 1108 4145 pro
1128 4080 1162 4145 Α,
1186 4096 1208 4131 v.
1231 4082 1263 4129 18
1288 4077 1301 4129 l
1325 4093 1375 4145 pro
1394 4076 1478 4145 UH).

174 4152 376 4207 Adnotandum
395 4157 541 4222 praeterea
558 4154 588 4209 in
612 4155 770 4225 fragmento
794 4156 823 4208 et
846 4154 874 4208 in
898 4154 1081 4224 inscriptione
1104 4173 1208 4225 magna
1231 4173 1343 4225 prorsus
1367 4155 1480 4208 easdem

174 4235 271 4289 deesse
290 4231 408 4288 litteras.
442 4233 624 4289 Fraenkelius
643 4235 858 4306 inscriptionum
872 4235 1171 4305 Peloponnesiacarum
1185 4236 1277 4292 editor
1290 4237 1479 4305 fragmentum

174 4320 214 4368 3u
233 4311 370 4383 Epidauri
388 4312 512 4367 invenire
530 4331 586 4369 non
604 4315 704 4385 potuit.
738 4317 793 4370 Itos
812 4332 884 4385 quae
902 4316 1051 4370 videbatur
1070 4317 1194 4371 difficilis
1208 4317 1292 4372 facile
1307 4314 1477 4385 explicatur:

173 4393 321 4463 inscriptio
341 4400 354 4446 1
376 4409 391 4446 e
410 4409 508 4448 novem
527 4396 682 4464 composita
700 4399 743 4450 est
761 4395 898 4467 partibus,
918 4413 933 4449 e
952 4396 1054 4463 quibus
1078 4414 1134 4450 una
1148 4415 1211 4451 cum
1225 4397 1383 4466 fragmento
1399 4412 1479 4449 accu-

173 4474 314 4529 ratissime
333 4473 472 4544 congruit,
491 4490 563 4541 quae
582 4492 626 4529 res
645 4492 659 4529 e
675 4476 834 4530 Fraenkelii
849 4478 949 4546 ectypo
969 4477 1066 4530 statim
1086 4477 1182 4531 eluxit.
1211 4477 1289 4531 Haec
1307 4475 1396 4546 igitur
1413 4492 1478 4545 pars

174 4572 297 4609 seorsum
317 4554 459 4622 quondam
478 4554 627 4624 descripta,
646 4555 676 4607 id
695 4556 769 4623 quod
789 4555 971 4610 Fraenkelius
995 4559 1096 4626 ectypo
1124 4557 1247 4611 nondum
1270 4557 1396 4625 inspecto
1415 4573 1478 4626 pro-

173 4633 250 4689 tinus
269 4633 403 4701 coniecit,
428 4651 445 4688 a
468 4633 609 4689 Oavvadia
631 4633 824 4689 Baunackium
848 4638 944 4690 secuto
967 4635 1069 4691 iterum
1093 4637 1171 4692 edita
1194 4639 1243 4691 est.
1284 4638 1383 4705 Itaque
1402 4637 1477 4706 frag·

174 4717 300 4769 mentum
319 4720 359 4770 3ο
379 4717 422 4770 est
440 4715 605 4770 eiciendum.
